2161 2676
1112 237 1167 283 iir,
1181 236 1307 277 tamen
1319 246 1362 276 ne'
1375 244 1415 276 id
1438 242 1589 289 quidun*
1590 243 1689 283 qnod
1692 236 1987 324 mlffitiffi²

299 325 379 372 ἰιοιι
420 332 456 358 es
506 309 645 366 “,'quod
661 326 723 358 vel
731 326 887 361 Schmalz-
890 284 1391 366 WaggeffluddazffintSIGpffie
1410 253 1959 370 gffleffflfflm

232 410 236 414 ,
254 368 315 406 est,
330 364 418 407 quod
442 366 592 398 dativum
604 368 769 407 „aegroto“
791 377 852 399 ιιοιι
874 369 974 399 minus
995 369 1065 407 ad,
1068 368 1179 406 ,anima
1198 369 1266 399 est“
1288 367 1484 400 referendum
1508 376 1577 402 esse
1591 369 1685 408 quam
1703 367 1748 412 ad
1769 369 1863 407 „spes
1883 367 1953 428 est“
1996 375 1999 378 ·

202 407 553 490 memgffimffiquanto
567 449 760 490 frequentius
774 432 901 490 ponitur
908 450 1032 482 dativus
1046 438 1249 490 possessivus,
1265 450 1317 481 ubi
1332 450 1448 482 animi
1462 425 1598 491 aliquam
1609 449 1659 482 vel
1673 449 1954 482 condicionem

108 524 111 527 ,
147 475 216 523 ’ναι
245 494 372 523 artem
401 491 450 523 vel
478 492 682 523 actionem
709 492 741 523 in
763 492 896 531 aliquem
918 492 1030 523 cadere
1058 492 1221 523 indicatur.
1265 491 1496 523 Nobilissimum
1524 491 1682 523 invenitur
1707 490 1884 531 exemplum
1910 490 1954 523 de
1990 500 1994 503 ·

166 536 245 563 orat.
268 532 423 570 111,143:
454 532 540 563 Haec
560 541 654 572 quum
669 532 802 564 Crassus
823 533 961 570 dixisset,
983 541 1152 571 parumper
1172 535 1204 563 et
1218 533 1286 571 ipse
1301 533 1449 563 conticuit
1468 537 1501 564 et
1522 533 1713 565 caeteris
1733 531 1954 564 silentium

166 573 210 605 fu
220 573 253 605 ιι
274 572 325 612 (cf.
348 573 387 605 ib.
410 573 435 612 Ι,
459 572 533 605 160:
565 573 651 605 Haec
672 575 765 613 quum
788 573 919 605 Crassus
941 574 1080 612 dixisset,
1102 573 1257 605 silentium
1280 576 1329 605 est
1350 575 1577 613 consecutumh
1599 581 1658 606 nec
1677 574 1789 610 minus,
1810 572 1954 614 quamvis

167 615 287 654 aliqua
293 624 331 646 ex
352 617 443 654 parte
464 615 575 646 vitiose
596 616 754 654 scriptum,
776 616 904 654 dignum
926 624 995 647 esse
1016 615 1148 653 videtur,
1170 615 1254 654 quod
1276 618 1450 653 spectemus
1470 615 1547 646 Phil
1568 615 1631 654 Xl,
1658 615 1716 646 3⁷.-
1759 613 1827 655 Ego
1841 617 1954 649 utem

114 658 117 659 ’
167 659 331 688 veteranos
352 656 434 687 tueri
455 655 561 694 debeo,
584 657 639 687 sed
661 665 730 694 eos,
759 655 870 695 quibus
896 656 1060 687 sanitas
1090 660 1155 687 est
1183 656 1241 693 (sic
1270 656 1346 686 haec
1367 655 1512 694 leguntur
1532 665 1569 686 ex
1590 655 1723 695 Kayser-i
1737 652 1954 697 mendene).

166 693 287 728 Deinde
308 696 403 728 affero
432 696 507 735 Rep.
532 680 567 736 V,
599 698 654 728 11:
698 666 840 728 Menqelao
862 697 977 728 Laconi
999 697 1150 737 quaedam
1172 696 1232 727 fuit
1263 696 1490 736 suaviloquens
1501 694 1856 736 iucunditas.1‹*ngm.
1875 695 1956 736 pm.

68 733 75 739 '¹
105 753 107 755 ·
161 738 202 780 VF.
225 736 263 776 V,
284 737 343 768 97:
388 706 498 774 Quaep
501 721 593 769 nob'is
625 738 692 769 dies
722 741 889 778 noctesque
918 738 1186 769 considerantibus
1220 754 1257 759 -
1291 746 1404 777 magna
1435 747 1506 776 spes
1536 741 1646 769 est—
1667 737 1853 769 iucundum
1864 736 1956 770 nobis

167 777 338 818 perfunctis
359 779 536 809 muneribus
558 778 701 810 humanis
724 788 865 810 occasum
888 788 987 819 neque
1010 778 1169 810 molestam
1192 779 1425 810 exstinctionem
1448 782 1480 809 et
1501 778 1618 817 quasi
1639 778 1819 826 quietem
1839 779 1955 810 vitae

75 795 79 797 Y
122 824 125 827 ’
168 819 292 852 fore
347 844 353 851 .
397 819 485 851 Catil.
508 819 564 858 ΙΙΙ,
600 820 657 851 15:
700 820 735 851 P.
758 820 908 852 Lentulus
937 838 976 843 ——
997 820 1182 860 magistratu
1203 829 1239 851 se
1259 820 1430 859 abdicavit,
1461 822 1513 858 ut,
1542 828 1623 859 quae
1651 818 1764 859 religio
1788 818 1823 851 C.
1844 818 1955 859 nario,

167 861 339 893 clarissimo
360 861 437 900 viro,
459 871 519 893 non
542 860 662 899 fuerat,
693 871 754 902 quo
784 862 885 894 minus
907 862 938 893 C.
962 862 1122 894 Glauciam
1147 879 1185 883 —
1206 864 1380 901 praetorem
1409 861 1574 900 occideret,
1604 870 1642 893 ea
1662 869 1719 893 nos
1752 860 1902 901 religione
1921 861 1955 893 ιιι

167 903 290 943 privato
320 903 355 935 P
384 904 517 935 Lentulo
546 904 701 943 puniendo
730 903 933 936 liberaremur
964 904 1018 943 (de
1046 904 1113 936 loco
1134 903 1235 935 Flacc.
1257 903 1297 935 69
1327 902 1420 935 aliter
1449 903 1684 943 interpretando
1711 911 1740 935 v.
1760 902 1804 940 L).
1846 902 1957 943 Neque

167 945 266 977 multo
287 954 393 984 secus,
424 946 701 985 quandoquidem,
703 945 825 984 ,‘urbes‘
846 947 908 977 vim
928 955 1130 986 personarum
1151 946 1290 977 induisse
1311 945 1507 985 perspicuum
1529 948 1587 983 est,
1608 944 1810 985 intelligenda
1830 944 1958 977 videtur
2000 959 2002 962 ⁴

111 993 115 997 ’
169 990 325 1018 structura
346 987 421 1026 Rep.
443 987 485 1026 ΙΙ,
508 987 541 1017 7:
585 987 643 1018 Est
664 970 767 1019 au'tem
790 988 953 1019 maritimis
974 987 1102 1018 urbibus
1124 988 1216 1018 etiam
1239 987 1440 1026 quaedam
1471 986 1720 1026 corruptela
1748 994 1793 1017 ac
1813 986 1957 1017 demn-

169 1028 281 1060 tatio
302 1037 462 1060 morum.
500 1028 653 1060 Addenda
671 1031 748 1060 sunt
769 1029 872 1068 etiam,
900 1029 928 1060 si
949 1029 1024 1069 quid
1046 1038 1101 1060 nos
1123 1028 1282 1067 sentimus,
1315 1028 1385 1059 Nat.
1414 1028 1497 1059 deor.
1522 1027 1578 1067 111,
1600 1027 1657 1060 38:
1686 1026 1829 1069 Qualem
1850 1030 1957 1059 autem

168 1070 261 1102 deum
281 1070 461 1109 intellegere
482 1079 538 1101 nos
559 1077 725 1109 possumus
746 1070 830 1101 nulla
851 1071 967 1102 virtute
980 1070 1181 1110 praeditum?
1211 1070 1292 1107 Quid
1311 1069 1416 1101 enim?
1437 1052 1675 1108 prudentiamne
1686 1064 1755 1101 deo
1772 1068 1954 1105 tribuemus.

147 1147 149 1150 y
168 1120 252 1150 quae
269 1114 392 1142 constat
413 1121 451 1142 ex
473 1112 602 1142 scientia
623 1120 727 1143 rerum
749 1111 897 1142 bonarum
926 1115 959 1143 et
985 1112 1135 1143 malarum
1166 1114 1198 1142 et
1220 1119 1277 1142 nec
1298 1111 1449 1142 bonarum
1478 1119 1535 1141 nec
1554 1110 1732 1146 malarum?
1773 1110 1831 1141 Cui
1852 1109 1954 1142 mali

167 1152 272 1183 nihil
299 1155 364 1183 est
395 1161 468 1183 nec
496 1161 588 1183 esse
617 1155 782 1191 potest,
813 1153 888 1192 quid
917 1152 989 1184 huic
1009 1161 1088 1192 opus
1109 1155 1159 1184 est
1187 1151 1303 1183 dilectu
1325 1152 1473 1183 bonorum
1495 1155 1528 1183 et
1548 1151 1723 1182 malorum?
1752 1150 1827 1191 quid
1847 1153 1952 1183 autem

168 1193 311 1225 ratione?
356 1194 408 1225 uid
429 1193 667 1232 intellegentia?
709 1194 819 1225 Parad.
842 1193 883 1232 ΙΙ,
918 1194 974 1225 16;
1016 1193 1050 1225 C.
1080 1203 1153 1225 vero
1175 1193 1307 1224 Marium
1339 1193 1481 1230 vidimus,
1511 1193 1563 1232 qui
1595 1192 1672 1224 mihi
1691 1192 1837 1224 secundis
1858 1192 1952 1225 rebus

169 1243 249 1266 unus
276 1243 314 1266 ex
354 1235 509 1266 ortunatis
536 1234 727 1273 hominibus,
758 1219 897 1266 adversi's
926 1244 1006 1266 unus
1036 1244 1073 1266 ex
1103 1235 1230 1266 summis
1257 1234 1333 1265 viris
1353 1234 1531 1272 videbatur,
1562 1243 1637 1273 quo
1667 1234 1834 1265 beatius
1855 1242 1953 1265 esse

168 1276 334 1310 mortali
356 1275 458 1306 nihil
484 1278 629 1315 potest.
662 1275 702 1306 ib
728 1276 781 1307 17;
818 1275 874 1307 Cui
895 1284 967 1315 spes
988 1277 1087 1307 omnis
1110 1279 1143 1307 et
1164 1276 1243 1307 ratio
1265 1279 1298 1307 et
1318 1275 1466 1314 cogitatio
1486 1275 1602 1314 pendet
1622 1283 1661 1306 ex
1681 1274 1825 1313 fortuna,
1852 1274 1953 1307 huic

167 1317 274 1348 nihil
303 1319 447 1357 potest
475 1326 569 1349 esse
598 1317 730 1355 certi,
759 1316 845 1356 nihil,
868 1317 950 1357 quod
980 1317 1173 1357 exploratum
1202 1316 1315 1348 habeat
1344 1324 1578 1356 permansurum
1599 1316 1660 1347 sibi
1680 1325 1775 1348 unum
1796 1316 1888 1348 diem.
1910 1332 1953 1338 —

168 1358 331 1390 Postremo
359 1358 431 1389 huic
452 1358 557 1397 generi
586 1358 835 1397 subiungendum
860 1326 983 1389 vqidetur
1005 1360 1069 1389 Att.
1091 1359 1116 1397 Ι,
1141 1359 1188 1396 17,
1213 1360 1244 1388 1:
1288 1358 1365 1389 Nec
1393 1361 1548 1388 tantum
1570 1356 1780 1396 intelligebam
1800 1357 1837 1389 ei
1857 1365 1953 1389 esse

167 1398 442 1437 offensionis,
471 1403 619 1438 quantum
646 1399 769 1430 litterae
804 1403 877 1431 tuae
908 1399 1123 1438 declararunt,
1155 1408 1212 1430 nec
1236 1402 1362 1431 ‘tantum
1391 1397 1603 1437 proficiebam,
1633 1401 1781 1438 quantum
1802 1398 1953 1429 volebam.

169 1440 296 1473 Minime
315 1450 388 1472 vero
409 1441 480 1479 huic
498 1441 713 1479 juncturarum
735 1441 849 1479 speciei
876 1441 1072 1473 adnumerari
1100 1440 1193 1472 debet
1214 1441 1278 1471 Att.
1302 1439 1371 1478 VII,
1401 1440 1448 1478 11,
1474 1440 1508 1471 1:
1552 1440 1684 1477 Quaeso,
1705 1439 1781 1479 quid
1801 1439 1860 1471 hoc
1880 1438 1954 1471 est?

167 1485 222 1513 aut
250 1482 322 1521 quid
344 1482 469 1520 agitur?
503 1481 599 1512 mihi
626 1482 725 1513 enim
756 1482 952 1513 tenebrae
981 1486 1089 1513 sunt:
1132 1481 1344 1521 ‚,Cingulum“‚
1366 1481 1483 1520 inquit,
1505 1490 1580 1519 „nos
1610 1484 1768 1518 tenemus,
1795 1482 1953 1512 Anconem

166 1523 341 1562 amisimus;
373 1522 528 1557 Labienus
550 1522 694 1554 discessit
720 1532 739 1554 a
761 1522 924 1555 Caesare.“
967 1523 1107 1563 Namque
1136 1532 1194 1562 pro
1216 1523 1340 1554 nomine
1367 1522 1580 1561 praedicativo
1608 1522 1788 1562 accipienda
1816 1524 1865 1553 est
1894 1531 1954 1553 vox

168 1564 362 1604 „tenebrae“‚
384 1574 453 1596 cum
475 1565 613 1596 subiecta
634 1564 710 1603 ipsis
732 1565 771 1596 iis
792 1574 870 1604 quae
892 1565 1122 1605 subsequuntur
1144 1564 1314 1596 enuntiatis
1336 1564 1561 1596 contineantur.

315 1614 462 1646 Actiones
482 1614 576 1645 animi
598 1623 674 1653 quas
696 1614 835 1645 dicamus
856 1618 1044 1653 sequantur:
1971 1640 1973 1642 .

315 1656 443 1688 Actio.
475 1655 585 1687 Partit.
608 1659 685 1687 orat
710 1655 765 1687 99·
806 1657 908 1695 Atque
930 1656 1022 1687 etiam
1051 1658 1124 1687 ante
1153 1655 1301 1687 iudicium
1331 1655 1370 1687 de
1400 1654 1618 1687 constituendo
1646 1654 1715 1695 ipso
1736 1654 1852 1686 iudicio
1873 1653 1953 1686 solet

168 1707 247 1729 esse
260 1698 432 1736 contentio,
462 1707 556 1737 quum
578 1700 633 1728 aut
654 1697 733 1728 sitne
755 1698 836 1728 actio
857 1697 912 1736 illi,
940 1698 991 1736 qui
1013 1698 1087 1736 agit,
1117 1701 1172 1728 aut
1200 1697 1301 1728 iamne
1323 1698 1365 1728 sit
1386 1700 1441 1727 aut
1468 1706 1541 1727 num
1572 1697 1633 1727 iam
1656 1705 1726 1728 esse
1746 1694 1877 1728 desierit
1897 1699 1953 1727 aut

167 1738 259 1769 illane
280 1739 357 1777 lege,
378 1739 467 1769 hisne
489 1738 591 1769 verbis
614 1739 655 1769 sit
678 1739 759 1769 actio
782 1738 950 1777 quaeritur

316 1779 548 1811 Contentio.
579 1778 666 1810 Offic.
688 1779 712 1818 Ι,
735 1778 790 1810 68:
835 1779 938 1817 Eripit
959 1781 1014 1817 (sc.
1036 1778 1154 1817 gloriae
1178 1778 1346 1817 cupiditas)
1368 1777 1554 1815 libertatem,
1585 1786 1641 1816 pro
1663 1786 1725 1816 qua
1746 1776 1951 1816 magnanimis

169 1820 243 1852 viris
265 1819 366 1852 omnis
388 1820 481 1852 debet
502 1829 571 1852 esse
592 1821 759 1851 contentio.

317 1861 560 1893 Consolatio
588 1862 653 1892 Att.
677 1861 713 1900 V,
743 1862 771 1900 2,
793 1862 828 1892 3:
872 1861 942 1892 Noli
964 1863 1074 1899 putare
1097 1860 1172 1890 mihi
1198 1860 1291 1890 'aliam
1322 1860 1562 1890 consolationem
1592 1865 1661 1890 esse
1692 1858 1784 1890 huius
1815 1858 1952 1898 ingentis

168 1903 338 1941 molestiae,
361 1903 420 1934 nisi
442 1900 539 1942 qnod
547 1912 639 1941 spero
660 1912 719 1933 non
742 1902 910 1941 longiorem
933 1911 1034 1932 annua
1055 1900 1130 1932 fore.

318 1927 530 1975 S'olatium.
574 1944 659 1974 Fam.
675 1943 744 1983 VII,
769 1944 815 1982 10,
837 1943 873 1973 4:
914 1943 963 1974 Sic
978 1943 1058 1973 enim
1081 1942 1136 1973 tibi
1158 1942 1346 1980 persuadeas
1361 1941 1462 1979 velim,
1489 1950 1583 1971 unum
1605 1940 1680 1971 mihi
1701 1948 1771 1971 esse
1792 1939 1951 1979 solatium,

167 1993 263 2025 quare
284 1984 415 2017 facilius
427 1986 545 2025 possim
567 1986 633 2025 pati
656 1989 687 2017 te
709 1994 777 2019 esse
799 1984 866 2016 sine
887 1984 982 2016 nobis.

316 2035 546 2067 Excusatio.
590 2036 662 2066 Nat.
692 2036 775 2067 deor.
798 2035 855 2074 III,
884 2035 940 2066 90:
983 2034 1047 2065 Deo
1073 2042 1111 2064 ne
1133 2033 1290 2063 excusatio
1313 2033 1436 2071 quidem
1458 2035 1507 2063 est
1528 2031 1717 2063 inscientiae.
1760 2029 1841 2063 Phil.
1864 2030 1952 2070 vm,

166 2076 203 2108 5:
246 2076 370 2108 Nullam
392 2077 451 2109 sibi
473 2077 597 2116 putavit
618 2077 851 2108 excusationem
876 2085 944 2107 esse
965 2078 1124 2115 oportere,
1153 2083 1221 2105 cum
1252 2074 1292 2104 ad
1321 2074 1366 2105 rei
1388 2073 1528 2112 publicae
1558 2073 1746 2112 praesidium
1777 2076 1952 2104 vocaretur.

167 2117 230 2150 Pis
256 2120 308 2158 10:
353 2120 401 2150 An
422 2121 527 2158 potest
547 2118 612 2149 ulla
633 2127 701 2150 esse
723 2118 881 2150 excusatio
902 2127 961 2149 non
984 2117 1083 2148 dicam
1104 2115 1185 2147 male
1199 2115 1355 2154 sentienti,
1370 2116 1426 2146 sed
1447 2115 1577 2153 sedenti,
1599 2114 1766 2153 cunctanti,
1787 2114 1955 2146 dormienti

167 2160 199 2190 in
220 2160 354 2191 maximo
377 2160 422 2191 rei
443 2159 586 2199 publicae
611 2163 696 2191 motu
718 2159 859 2191 consuli?
902 2159 980 2190 Sest.
1004 2158 1080 2189 112:
1118 2158 1159 2188 At
1180 2165 1249 2188 cum
1271 2157 1310 2187 de
1332 2140 1484 2195 dignitate
1507 2165 1575 2187 mea
1597 2155 1766 2193 ferebatur,
1787 2164 1879 2187 nemo
1894 2156 1954 2187 sibi

168 2210 225 2233 nec
246 2201 433 2233 valetudinis
455 2201 683 2232 excusationem
705 2209 761 2232 nec
783 2200 951 2232 senectutis
973 2200 1050 2231 satis
1071 2200 1183 2231 iustam
1205 2196 1325 2237 [ullam]
1347 2198 1478 2236 putavit.

318 2243 468 2273 Odium.
498 2242 584 2273 Balb.
607 2242 662 2273 62:
694 2242 755 2273 Sed
771 2243 798 2273 si
819 2242 872 2281 qui
894 2245 975 2279 sunt,
997 2241 1108 2289 quibus
1129 2238 1281 2270 infinitum
1304 2238 1345 2269 sit
1367 2239 1480 2277 odium,
1502 2238 1533 2269 in
1556 2247 1634 2277 quos
1656 2237 1753 2269 semel
1774 2242 1954 2277 susceptum

167 2283 219 2321 sit,
241 2292 318 2323 quos
339 2279 429 2314 video
451 2292 520 2314 esse
540 2292 601 2314 non
623 2283 733 2322 nullos,
756 2291 824 2314 cum
846 2282 975 2314 ducibus
996 2282 1072 2321 ipsis
1094 2298 1133 2302 —
1155 2278 1329 2319 confligant.

317 2325 561 2364 Respectus.
587 2324 687 2356 Divin.
700 2325 725 2364 l,
748 2324 806 2356 68:
830 2324 972 2363 (Audivi)
996 2340 1034 2345 —
1056 2322 1088 2354 C.
1104 2322 1273 2361 Coponium
1296 2338 1335 2343 -
1357 2320 1473 2352 dixisse
1494 2320 1642 2360 remigem
1663 2320 1819 2369 quendam
1833 2329 1853 2352 e
1867 2320 1958 2360 quin·

168 2367 306 2404 queremi
339 2366 528 2397 Rhodiorum
562 2366 764 2424 vaticinatum
791 2365 997 2397 madefactum
1019 2366 1058 2396 iri
1086 2365 1188 2396 minus
1209 2362 1296 2393 XXX
1324 2362 1434 2393 diebus
1455 2362 1619 2393 Graeciam
1641 2362 1803 2401 sanguine,
1828 2362 1957 2401 rapinas
