2161 2676
165 177 297 209 quorum
316 163 501 208 essecuplo
521 166 602 201 tibi
623 164 794 209 copiam.
835 167 947 202 caecil.
969 166 1028 201 50:
1069 165 1271 207 Vola-tanta
1288 161 1391 211 1⁸32

166 209 351 251 praeripere
371 207 525 241 conemini
544 207 650 249 potins
671 217 763 250 qnam
784 208 904 250 aliquos
926 209 967 241 ad
988 208 1160 242 columnam
1181 207 1335 241 naeniam
1367 222 1368 225 =
1428 244 1430 247 ,

316 250 383 282 Nec
403 253 508 282 tamen
529 251 706 282 addendum
729 253 779 283 est
798 250 838 282 de
859 253 922 290 rep.
945 249 1002 290 111,
1026 249 1082 282 17:
1115 249 1178 283 Cur
1198 253 1313 288 autem,
1334 248 1362 281 si
1382 248 1566 289 pemmi-

166 291 312 331 feminis,
349 291 382 324 P.
414 291 519 324 Crassi
549 290 613 324 filia
644 295 752 332 posset
782 292 912 330 habere,
941 292 968 323 si
1003 291 1095 323 unica
1123 291 1209 330 patri
1240 294 1342 330 esset,
1358 290 1455 323 'aeris
1485 284 1619 324 milliens
1645 289 1741 329 salu

166 333 296 365 triciens
309 342 370 365 non
485 336 500 365 t
516 350 564 370 —,
585 334 658 374 quia
680 334 810 373 „uniea“
840 342 950 365 nomen
972 333 1215 373 praedicativum
1230 332 1404 364 habendum
1425 334 1475 364 est
1494 330 1545 369 (cf.
1566 331 1758 372 poi-simum
1787 355 1790 358 »
1832 370 1836 375 ,

168 373 249 406 Sest.
274 375 352 407 138:
413 375 463 407 uic
484 375 640 407 hominum
656 375 762 414 generi
784 374 883 406 fateor
900 392 936 396 -—
955 375 1069 406 multos
1085 374 1289 413 adversarios,
1311 373 1460 412 inimicos,
1481 372 1603 405 invidos
1625 373 1856 413 assumamus

165 416 225 448 hoc
248 415 318 449 loco
339 417 514 448 nominibus
527 416 748 456 praedicativis
770 416 1016 455 „adversarios“,
1038 416 1227 454 „inimicos“,
1250 415 1409 454 „invidos“
1434 415 1617 447 subiunctus
1637 418 1707 452 est).
1749 416 1796 448 Ac
1815 407 1973 448 nomed?

166 457 290 498 quidem
312 459 441 497 dignum
463 461 520 496 est,
552 458 635 498 quod
658 461 925 496 commemoretur,
947 458 1029 497 quod
1052 460 1155 489 exstat
1175 457 1264 489 Verr.
1288 460 1346 488 act.
1369 457 1395 497 1,
1416 455 1473 488 52:
1515 456 1743 495 „Circumstant
1763 459 1795 489 te
1815 464 1954 492 summae

167 499 390 539 auctoritates,
421 508 502 539 quae
524 502 555 531 te
577 502 685 532 noctes
707 499 835 540 diesque
857 502 1072 531 commoneant
1099 498 1301 531 fortissimum
1332 498 1388 530 tibi
1409 501 1539 538 patrem,
1565 498 1830 538 sapientissimum
1852 507 1952 537 avum,

165 541 382 580 gravissimum
405 550 545 572 socerum
568 541 693 579 fuisse“,
715 542 963 581 quandoquidem
985 541 1142 580 possessio
1163 541 1222 572 boc
1242 541 1309 572 loco
1325 540 1530 572 existimanda
1551 543 1600 571 est
1621 540 1827 571 determinata
1847 539 1890 580 (v.
1905 540 1949 577 i.).

314 606 350 646 β)
372 606 518 638 Personis
540 616 619 647 quae
640 606 840 647 possidentur
862 607 1017 639 admixtae
1040 609 1112 638 sunt
1134 615 1184 639 res
1206 609 1375 638 concretae.

315 657 437 694 Quinct.
460 657 516 689 85:
552 657 643 689 Mitto
665 657 742 688 illud
757 658 870 695 dicere,
892 666 972 695 eum,
995 657 1047 697 qui
1069 664 1134 689 non·
1151 657 1294 695 latitarit,
1316 657 1366 688 cui
1381 655 1630 695 Romae‘domus,
1652 665 1738 692 uxor,
1761 654 1860 695 liberi,
1882 664 1952 696 pro-

165 701 290 728 curator
311 701 405 736 esset,
433 707 502 729 eum
533 700 586 738 qui
608 699 664 729 tibi
693 699 902 729 vadimonium
925 707 985 729 non
1007 699 1211 736 deseruisset;
1238 698 1315 729 haec
1337 698 1440 729 omnia
1467 697 1574 735 mitto;
1595 697 1673 727 illud
1694 697 1774 735 dico,
1795 697 1952 728 dominum

165 739 327 779 expulsum
349 749 419 771 esse
441 740 480 772 de
502 740 641 780 praedio,
663 740 787 772 domino
809 750 828 771 a
849 739 967 771 familia
982 749 1038 771 sua
1060 750 1168 772 manus
1189 739 1302 771 allatas
1316 749 1385 771 esse
1403 741 1474 770 ante
1497 747 1570 770 suos
1591 738 1688 770 Lares
1708 737 1878 770 familiares
1899 737 1951 778 (cf.

165 781 288 818 Quinct.
321 782 360 812 2:
403 782 436 812 P.
469 782 642 820 Quinctius,
675 783 725 813 cui
755 785 865 813 tenues
896 791 989 821 opes,
1018 782 1121 813 nullae
1150 782 1331 819 facultates,
1361 782 1491 820 exiguae
1520 780 1688 812 amicorum
1719 780 1827 819 copiae
1855 780 1951 818 sunt).

166 821 245 852 Phil.
268 822 321 894 {h
335 822 374 894 ιῗε
396 822 639 902 ᾱΑωῙέΙίεείῐῃαθ
661 823 719 854 tibi
740 822 883 854 fortunae
906 827 988 860 sunt,
1011 831 1149 853 summus
1171 822 1297 853 honoris
1318 823 1444 862 gradus,
1466 820 1557 860 filius,
1579 825 1614 852 ut
1634 824 1666 852 et
1687 821 1780 851 audio
1802 823 1834 852 et
1852 829 1952 860 spero,

164 865 259 894 natus
354 871 394 894 au
417 872 466 895 em
501 873 529 894 v.
551 864 594 903 i.).
1949 867 1952 869 ’

217 921 251 960 2)
274 920 457 953 Possidetur
478 930 528 953 res
549 922 580 953 in
602 930 767 961 personam
790 921 968 952 constituta.

315 962 465 1001 Exempla
485 963 577 1002 plane
599 963 700 994 aliena
722 966 795 993 sunt
816 963 854 993 ab
876 963 1017 993 oratione
1039 961 1249 993 Ciceroniana.

214 1020 248 1059 3)
270 1019 453 1051 Possidetur
474 1029 525 1052 res
546 1023 699 1052 concreta.

316 1062 350 1100 α)
380 1062 442 1093 Res
472 1065 634 1094 concretae
664 1063 750 1101 ipsae
781 1071 836 1101 per
868 1071 901 1093 se
933 1063 1054 1101 positae
1084 1063 1150 1093 sive
1181 1062 1358 1093 individuae
1387 1062 1519 1100 (Germ.:
1571 1060 1952 1100 „Individualkonkreta“)

165 1103 310 1142 quamvis
331 1112 350 1133 a
372 1103 582 1140 grammaticis
614 1103 764 1143 exemplis
792 1103 874 1134 ultro
903 1112 939 1134 ac
961 1107 1073 1143 sponte
1103 1102 1184 1134 fictis
1206 1102 1351 1142 („ager“,‘
1372 1103 1522 1141 „domus“
1550 1106 1606 1133 etc.
1632 1102 1707 1133 mihi
1729 1105 1777 1133 est
1798 1110 1826 1132 v.
1849 1101 1889 1140 s.)
1911 1102 1953 1133 ad

164 1144 263 1175 dativi
285 1145 453 1183 possessivi
474 1154 612 1176 normam
642 1145 731 1185 quasi
759 1154 795 1176 ac
828 1145 963 1184 regulam
995 1144 1234 1176 confirmandam
1258 1145 1302 1176 ita
1324 1143 1540 1184 proferantur,
1568 1147 1605 1175 ut
1625 1143 1679 1175 illa
1700 1143 1900 1175 collocatione
1921 1145 1954 1174 et

164 1185 319 1225 dignitate
340 1185 405 1217 fere
428 1186 552 1225 potiora
573 1196 642 1217 esse
664 1187 830 1217 videantur
852 1187 1000 1225 exemplis
1031 1186 1070 1217 ab
1100 1187 1176 1225 ipsis
1199 1186 1402 1225 scriptoribus
1423 1186 1540 1225 petitis,
1570 1189 1672 1217 tamen
1694 1185 1753 1216 hac
1775 1194 1809 1216 se
1829 1184 1952 1216 ratione

165 1227 343 1258 Ciceronem
365 1227 571 1258 adstrinxisse
593 1228 644 1258 vix
665 1231 721 1258 aut
742 1228 865 1258 omnino
898 1237 957 1258 non
988 1237 1153 1266 possumus
1181 1227 1356 1258 concedere.
1401 1226 1495 1258 Velut
1516 1227 1600 1257 Fam.
1623 1226 1705 1264 XIV,
1738 1227 1764 1264 l,
1794 1226 1831 1257 52
1875 1224 1954 1264 „Per

166 1266 310 1298 fortunas
331 1267 462 1299 miseras
485 1271 618 1307 nostras,
641 1269 721 1307 vide,
743 1278 782 1299 ne
803 1277 932 1307 puerum
955 1268 1109 1307 perditum
1132 1268 1312 1307 perdamus3
1342 1268 1406 1299 cui
1428 1268 1462 1298 si
1485 1267 1647 1307 aliquid
1670 1267 1770 1305 erit,
1792 1275 1831 1297 ne
1853 1269 1953 1306 egeat,

165 1308 317 1340 mediocri
338 1309 454 1340 virtute
476 1319 555 1348 opus
578 1312 627 1341 est
648 1313 680 1341 et
702 1309 849 1341 mediocri
871 1309 1012 1348 fortuna,
1045 1313 1081 1340 ut
1103 1312 1208 1341 cetera
1236 1309 1473 1349 consequatur“,
1504 1309 1544 1346 id,
1567 1308 1647 1348 quod
1671 1317 1744 1339 casu
1762 1307 1954 1339 nominativo

167 1358 348 1389 expressum
364 1350 514 1388 videmus,
530 1360 590 1381 non
607 1351 706 1381 solum
721 1354 863 1382 neutrum
879 1351 1070 1389 pronominis
1092 1354 1149 1388 est,
1171 1359 1276 1382 verum
1299 1351 1392 1381 etiam
1408 1350 1544 1381 notionis
1559 1349 1736 1381 collectivae
1757 1349 1819 1379 vim
1840 1348 1953 1380 habere

165 1391 298 1421 videtur.
342 1391 489 1422 Eiusdem
513 1393 635 1430 generis
657 1395 706 1422 est
728 1399 769 1422 sc.
793 1391 1016 1430 significatione
1045 1392 1203 1422 collectiva
1234 1392 1409 1430 praeditum
1440 1391 1522 1430 quod
1550 1390 1681 1430 legimus
1710 1390 1799 1421 Verr.
1822 1390 1847 1427 I,
1877 1389 1952 1420 141:

167 1431 269 1470 „Quid
291 1435 409 1471 ageret,
433 1432 535 1471 coepit
556 1433 694 1472 agitare,
719 1433 745 1463 si
768 1442 845 1471 opus
868 1432 984 1471 pupillo
1006 1433 1220 1470 redimeretur,
1242 1432 1269 1463 si
1292 1441 1342 1463 res
1364 1431 1465 1463 abiret
1487 1431 1525 1463 ab
1549 1441 1586 1463 eo
1609 1431 1758 1470 mancipe,
1779 1439 1870 1470 quem
1885 1430 1953 1470 ipse

164 1473 380 1513 apposuisset,
413 1473 472 1505 sibi
508 1474 624 1505 nullam
662 1475 810 1513 praedam
843 1474 947 1512 esse“;
980 1483 1085 1506 verum
1123 1474 1162 1505 de
1197 1478 1273 1505 orat.
1306 1474 1354 1512 11,
1393 1474 1448 1504 71:
1503 1472 1583 1512 „Sed
1620 1473 1706 1511 vide,
1741 1481 1781 1503 ne
1816 1472 1847 1503 in
1883 1471 1954 1503 istis

165 1514 287 1546 duobus
316 1515 483 1554 generibus
512 1515 612 1554 hydra
642 1515 696 1547 tibi
727 1516 768 1546 sit
798 1518 830 1547 et
861 1515 968 1554 pellis,
999 1515 1149 1547 Hercules
1176 1518 1278 1547 autem
1307 1518 1339 1546 et
1369 1515 1430 1546 alia
1451 1524 1547 1554 opera
1570 1515 1688 1545 maiora
1708 1514 1739 1545 in
1762 1513 1824 1545 illis
1849 1512 1951 1551 rebus,

164 1565 241 1596 quas
264 1556 500 1595 praetermittis,
522 1557 766 1596 relinquantur“,
790 1557 927 1596 „hydra“
950 1560 982 1588 et
1004 1557 1134 1596 „pellis“
1157 1557 1307 1588 translate
1329 1557 1413 1588 dicta
1435 1559 1507 1587 sunt
1528 1565 1584 1595 pro
1605 1555 1791 1594 notionibus,
1813 1563 1893 1594 quae
1915 1555 1953 1586 iis

167 1597 374 1635 declarentur,
397 1598 572 1629 abstractis.
616 1598 784 1630 Praeterea
806 1607 901 1629 unum
923 1599 1025 1629 inveni
1047 1598 1221 1637 exemplum
1244 1597 1330 1629 Balb.
1346 1598 1403 1628 54:
1433 1599 1481 1628 An
1503 1597 1678 1629 accusatori
1699 1597 1833 1628 maiores
1853 1596 1954 1628 nostri

167 1639 285 1669 maiora
305 1639 444 1677 praemia
465 1649 559 1678 quam
581 1639 725 1677 bellatori
747 1648 816 1670 esse
838 1639 1024 1670 voluerunt?

314 1681 348 1718 β)
369 1679 467 1711 Paulo
489 1681 635 1712 usitatior
657 1683 706 1712 est
721 1689 796 1711 usus
818 1680 1045 1712 collectiva
1056 1689 1134 1711 rum
1157 1680 1316 1711 notionum
1340 1683 1551 1711 concretarum
1573 1689 1610 1711 ac
1631 1679 1797 1719 praecipue
1818 1678 1953 1718 quidem,

167 1721 201 1752 id
218 1721 301 1760 quod
322 1724 432 1753 notatu
454 1722 579 1762 dignum
603 1725 662 1761 est,
683 1723 713 1753 in
737 1722 878 1753 oratione
901 1732 957 1761 pro
980 1722 1012 1753 P.
1037 1722 1182 1760 Quinctio
1204 1721 1318 1753 habita.
1362 1722 1401 1753 ib.
1424 1722 1459 1753 2:
1490 1721 1522 1753 P.
1546 1721 1719 1759 Quinctius,
1742 1721 1792 1752 cui
1813 1723 1953 1752 tenues

164 1772 183 1793 ο
194 1771 284 1802 pes,
305 1772 325 1793 n
336 1763 449 1794 ullae
470 1763 719 1802 facultates,
742 1765 872 1802 exiguae
887 1764 1055 1795 amicorum
1072 1764 1179 1803 copiae
1194 1767 1266 1794 sunt
1280 1764 1322 1802 (v.
1335 1764 1383 1802 s.).
1409 1763 1464 1794 12:
1494 1763 1572 1795 Erat
1587 1763 1615 1795 ei
1630 1763 1776 1802 pecuaria
1790 1771 1841 1794 res
1851 1762 1955 1801 ampla

166 1807 199 1835 et
220 1803 340 1835 rustica
362 1813 436 1836 sane
457 1804 534 1836 bene
557 1805 640 1836 culta
661 1809 694 1836 et
714 1804 884 1836 fructuosa.
930 1806 982 1836 16:
1012 1805 1128 1836 Romae
1161 1805 1219 1836 sibi
1247 1814 1440 1836 nummorum
1471 1804 1723 1836 facultatem
1744 1813 1830 1842 esse,
1862 1812 1952 1843 quam

166 1846 193 1877 si
215 1849 352 1885 caperet,
375 1855 564 1878 communem
582 1847 774 1878 existimaret
790 1856 846 1886 pro
861 1845 1000 1878 fraterna
1022 1847 1075 1878 illa
1091 1847 1316 1878 necessitudine
1332 1850 1364 1878 et
1378 1856 1435 1886 pro
1450 1847 1549 1886 ipsius
1563 1845 1723 1878 affinitate.
1746 1844 1833 1876 Offic.
1856 1845 1881 1884 1,
1896 1845 1953 1877 25:

140 1917 144 1921 .
163 1887 206 1918 M.
230 1886 364 1919 Crassus
386 1888 519 1927 negabat
540 1889 633 1920 ullam
655 1889 770 1920 satis
792 1897 968 1928 magnam
992 1889 1211 1928 pecuniam
1234 1897 1301 1920 esse
1322 1889 1361 1927 ei,
1390 1889 1442 1928 qui
1464 1889 1494 1920 in
1517 1887 1675 1928 republica
1695 1887 1839 1927 princeps
1860 1887 1954 1919 vellet

163 1937 243 1967 esse,
268 1929 357 1961 cuius
387 1929 540 1961 fructibus
571 1931 737 1961 exercitum
769 1931 851 1961 alere
881 1939 940 1961 non
970 1934 1085 1969 posset.
1129 1930 1207 1961 Phil.
1230 1931 1277 1968 X,
1305 1930 1343 1960 4:
1388 1930 1605 1970 Amplissimae
1627 1929 1684 1961 tibi
1705 1928 1849 1960 fortunae
1871 1931 1953 1967 sunt,

162 1979 304 2001 summus
322 1969 448 2002 honoris
463 1972 589 2010 gradus,
612 1971 702 2008 filius,
726 1974 761 2002 ut
775 1975 807 2002 et
821 1972 914 2002 audio
936 1975 968 2002 et
989 1980 1090 2010 sper0,
1113 1975 1207 2002 natus
1229 1972 1269 2002 ad
1291 1972 1413 2002 laudem
1430 1972 1471 2010 (v.
1487 1971 1536 2010 s.).
1567 1972 1630 2002 Att.
1646 1970 1714 2008 VII,
1736 1970 1765 2008 3,
1788 1971 1824 2001 7:
1867 1970 1903 2000 Id
1927 1970 1953 2001 si

162 2014 356 2086 przestgrlet,
390 2015 586 2052 quantum
628 2012 727 2043 mihi
761 2014 873 2044 aeris
904 2013 1034 2044 alieni
1072 2023 1141 2045 esse
1178 2013 1233 2044 tibi
1267 2013 1383 2052 edidit,
1420 2015 1542 2044 tantum
1584 2015 1615 2044 et
1658 2011 1727 2052 plus
1759 2011 1853 2044 etiam
1885 2011 1953 2051 ipse

164 2054 206 2085 mi
229 2055 239 2086 i
283 2063 300 2086 e
322 2057 397 2086 eret.
754 2078 757 2081 .

311 2096 407 2128 Hisce
421 2104 479 2134 ego
495 2095 589 2127 rebus
604 2096 848 2135 subiungendam
864 2105 932 2128 esse
948 2097 1090 2128 existimo
1106 2097 1338 2136 usurpationem
1355 2096 1493 2127 adverbii
1502 2096 1598 2135 „sati
1608 2096 1653 2135 s“,
1668 2105 1705 2127 ex
1721 2105 1782 2136 quo
1793 2096 1954 2135 genetivus

163 2136 333 2176 partitivus
354 2140 446 2177 aptus
468 2140 518 2169 est
540 2137 678 2171 notionis
699 2141 861 2169 concretae
884 2147 944 2169 uno
965 2138 1041 2169 loco.
1085 2138 1169 2170 Lael.
1191 2138 1249 2169 45:
1280 2137 1362 2169 Satis
1384 2146 1538 2177 superque
1560 2146 1628 2169 esse
1658 2138 1717 2169 sibi
1739 2137 1865 2168 suarum
1888 2137 1952 2168 cui-

162 2187 223 2218 que
245 2188 359 2217 rerum,
381 2179 491 2211 alienis
512 2180 606 2211 nimis
636 2179 790 2219 implicari
819 2179 981 2211 molestum
1005 2189 1073 2211 esse
1102 2182 1158 2217 (sc.
1180 2179 1364 2219 quibusdam
1386 2179 1541 2219 placuisse
1563 2179 1696 2219 opinor).
1741 2178 1870 2218 [Eodem
1891 2187 1953 2210 non

162 2219 358 2251 referendum
381 2224 432 2252 est
453 2221 564 2252 Parad.
581 2221 622 2259 ΙΙ,
646 2221 700 2252 18;
738 2220 786 2251 'ru
807 2221 874 2252 dies
887 2224 1062 2263 ‚noctesque
1083 2222 1241 2260 cruciaris,
1264 2221 1314 2252 cui
1335 2230 1391 2252 nec
1413 2225 1463 2252 sat
1484 2224 1540 2259 est,
1562 2222 1644 2261 quod
1665 2224 1723 2259 est,
1744 2224 1777 2251 et
1797 2221 1830 2251 id
1851 2220 1951 2259 ipsum

161 2269 201 2292 ne
227 2270 287 2292 non
321 2262 501 2293 diuturnum
531 2262 572 2294 sit
602 2262 754 2299 futurum,
785 2262 898 2301 times]
929 2279 966 2283 —
989 2261 1108 2294 Ceteris
1137 2262 1214 2294 locis
1246 2262 1394 2294 adverbio
1426 2262 1471 2294 illi
1500 2262 1626 2294 additus
1656 2261 1771 2300 legitur
1791 2261 1953 2301 genetivus

162 2303 294 2335 nominis
314 2313 356 2343 „p
366 2304 570 2336 raesidii¹‘.
615 2304 705 2336 Catil.
729 2303 769 2342 11,
794 2303 853 2336 26:
898 2303 983 2343 Mihi,
1014 2307 1048 2336 ut
1076 2304 1145 2336 urbi
1167 2305 1234 2337 sine
1256 2308 1360 2337 vestro
1382 2307 1467 2336 motu
1489 2313 1525 2336 ac
1547 2304 1614 2336 sine
1635 2303 1699 2336 ullo
1720 2302 1855 2335 tumultu
1876 2302 1954 2334 satis

162 2347 247 2376 esset
275 2345 441 2384 praesidii,
471 2345 645 2377 consultum
679 2349 773 2385 atque
803 2346 960 2384 provisum
990 2349 1046 2376 est.
1076 2346 1129 2384 IV,
1157 2346 1212 2377 23:
1247 2347 1434 2378 Commendo
1462 2346 1550 2378 vobis
1571 2354 1701 2385 parvum
1722 2353 1825 2376 meum
1846 2343 1954 2381 filium,

2098 1334 2125 1365 ..¹:32

2104 1395 2110 1408 ⁴⁶.
2127 1406 2131 1409 .

2093 1425 2097 1434 s
2113 1416 2127 1434 ι..

2083 1474 2120 1498 a*

2098 1550 2129 1573 ’τῷ

2093 1603 2096 1606 ⁴
2119 1605 2128 1615 >

2080 1630 2082 1632 ,
2091 1619 2116 1640 ⁷?-

2081 1647 2123 1673 ’ζ-,ιζε
2135 1666 2141 1677 ,-

2109 1675 2121 1687 ,ἢ

2102 1756 2106 1763 ι
2142 1744 2144 1746 ,

2112 1792 2122 1800 ψ
