2161 2676
140 774 141 777 ’
179 774 278 806 dativi
299 775 470 814 possessivi
491 775 612 806 ratione
634 784 694 806 non
717 776 885 815 contigisse
905 776 934 807 ei
955 778 992 807 ut
1013 776 1077 807 acri
1099 776 1213 807 iudicio
1235 775 1393 814 subigeret
1413 778 1468 806 aut
1489 777 1573 806 cerm
1595 773 1698 806 facere
1719 783 1780 805 non
1800 783 1966 814 possumus

179 197 237 229 mit
245 198 318 230 dem
325 196 690 236 Dativnbersetzt“,tum
702 197 1031 240 Goasrau’),quem
1040 199 1164 240 quidem
1171 196 1327 239 permulto
1518 233 1522 235 ,
1554 234 1557 235 ⁷
1742 240 1746 241 ⁷

180 241 340 272 auctorem
354 247 422 271 esse
436 247 526 271 nemo
541 241 589 270 est
604 239 658 280 qui
672 238 855 279 diffiteatur,
871 250 910 273 118
925 240 1034 273 leviter
1048 240 1182 282 quidem,
1194 238 1306 281 quibus
1320 242 1352 272 te
1474 239 1517 272 da
1542 238 1575 272 vi
1598 255 1602 266 ·
1636 264 1640 266 a
1741 253 1765 272 z

180 280 490 312 circumscribendam
512 288 581 312 8888
603 284 753 320 censeret,
775 281 948 321 significare
969 282 1076 314 voluit.
1120 282 1238 313 Horum
1271 290 1349 321 quos
1369 279 1609 325 pei-strinxhnns
1631 279 1759 324 nunni.-

178 320 325 353 videntur
352 321 456 353 nescio
487 330 549 361 quo
570 324 662 360 pacto
685 322 707 354 ii
736 323 788 362 qui
816 322 928 354 librum
957 324 1096 363 proxime
1124 323 1222 355 bonae
1250 321 1350 361 frugis
1378 321 1591 362 plenissimum
1615 330 1684 354 com
1779 362 1784 365 γ
1821 356 1825 358 ,
1871 351 1875 363 ,

179 362 369 394 Schmalz
400 365 433 394 et
464 362 496 394 C.
527 362 775 403 Wagener2).
827 363 959 396 Pulchre
990 364 1136 396 videlicet
1168 364 1252 396 dicta
1281 366 1355 395 811111
1387 366 1420 395 81
1445 363 1583 395 cuiusvis
1610 362 1743 404 hominis
1780 377 1787 398 ·.
1818 366 1865 390 -‹·'

178 404 282 435 animo
296 402 452 443 infigenda
473 413 511 435 ea
528 412 608 443 quae
629 404 664 443 E.
690 404 798 436 welf
804 404 819 436 f
824 405 882 436 lin
905 405 1109 444 praefationis
1129 406 1198 437 loco
1217 405 1296 436 libro
1317 404 1363 435 illi
1377 404 1546 444 praemisit.
1575 403 1660 436 Dicit
1680 406 1795 444 autem,
1814 406 1853 436 nt

182 444 282 477 locum
297 445 337 476 ad
352 444 479 477 verbum
493 444 704 485 proferamus:
734 446 818 485 „Vor
833 447 924 479 allem
947 447 1021 479 aber
1034 449 1158 478 1111188811
1181 447 1231 478 1118
1246 445 1362 485 Regeln
1382 445 1468 478 nicht
1481 444 1803 478 Polizeivorschriften
1836 443 1967 486 leschon,

179 486 275 518 deren
297 486 406 518 innere
427 486 637 526 Begrssndung
667 488 784 519 nicht
811 489 950 520 immet·
981 487 1116 519 sofort
1144 488 1185 519 in
1217 488 1286 519 die
1314 488 1451 526 Augen
1473 486 1635 526 springt
1654 487 1731 526 (11³),
1760 496 1816 520 son
1838 495 1892 519 ern
1914 483 1948 519 di

180 535 280 565 ganze
295 526 611 567 Sprachbehandlung
634 528 692 559 soll
713 529 780 560 sich
801 529 857 560 auf
876 529 962 560 klare
984 530 1047 560 und
1070 529 1209 568 gesunde
1225 528 1420 559 Grundsatze
1441 531 1578 567 stiltzem
1599 528 1643 559 ist
1663 527 1743 559 doch
1765 528 1816 560 die
1831 527 1967 568 Spracha

183 568 291 607 selbst,
313 569 365 600 die
387 569 436 600 ein
458 568 718 609 lebenskraftiges
739 571 818 601 Volk
851 570 1041 610 geschaffen,
1071 570 1149 602 auch
1181 570 1248 601 eine
1269 569 1437 609 gesunde.“
1481 569 1588 601 Talem
1609 568 1734 608 quidem
1756 568 1967 609 praecipiendi

181 610 261 640 viam
278 609 483 640 Schmalzium
498 613 530 640 et
545 610 751 649 Wagenerum
765 612 810 641 ita
825 612 979 650 ingressos
995 620 1074 648 esse,
1089 614 1124 642 ut
1139 611 1268 641 aliorum
1285 611 1415 649 vestigia
1429 611 1574 649 persequi
1588 610 1788 649 neglegentes
1809 609 1967 642 laudanda

181 650 314 689 quadam
337 649 511 681 subtilitate
533 659 570 681 ac
592 650 732 682 sollertia
753 661 803 683 res
825 652 1044 690 grammaticas
1067 652 1180 683 latinas
1202 651 1394 689 adiuvarent,
1424 659 1463 681 ne
1489 650 1548 682 hoc
1569 650 1694 690 quidem
1714 650 1782 682 loco
1803 648 1966 683 testificari
1982 678 1995 685 -

178 692 375 723 desistamus.
420 691 480 723 Vix
502 692 584 724 enim
607 693 768 732 negaverit
788 694 959 733 quisquam,
982 693 1009 725 si
1030 703 1092 733 qua
1106 693 1149 725 sit
1163 693 1300 725 eiusdem
1322 692 1400 724 artis
1415 692 1553 731 scientia,
1577 691 1782 723 Schmalzium
1798 692 1966 732 praecipue
1997 722 2002 725 ,
2046 724 2050 730 ,
2069 721 2084 732 ἢ,

179 733 314 771 perbene
336 733 480 764 meritum
512 742 582 765 esse
603 735 641 765 de
664 735 786 773 syntaxi
816 735 912 765 latina
933 736 1077 774 augenda
1099 738 1193 774 atque
1215 734 1412 768 illustranda„
1451 735 1494 765 At
1515 742 1592 773 quae
1614 733 1738 772 prolata
1759 733 1899 765 videmus
1927 734 1966 765 de
1992 771 1997 776 l
2036 744 2092 776 ’,ᾗ

179 816 252 855 1111111
275 815 452 848 doleamus:
497 816 581 855 „Der
602 817 733 848 Dativus
754 817 944 856 possessoris
972 818 1003 849 111
1025 817 1227 857 Verbindung
1255 816 1313 848 mit
1341 825 1409 848 esse
1439 816 1525 856 giebt
1552 815 1603 847 die
1623 815 1740 847 Person
1769 816 1851 848 oder
1866 815 1966 848 Sache
2012 851 2016 854 Δ

179 867 237 895 an,
266 856 318 888 fiir
346 858 460 889 welche
489 859 538 889 ein
561 858 733 890 Besitztum
756 859 935 890 vorhanden
957 859 1009 898 ist,
1040 860 1091 890 die
1120 858 1186 890 also
1207 857 1348 889 dasselbe
1370 859 1425 889 hat
1445 858 1522 889 oder
1543 857 1686 889 besitzt.“
1728 856 1862 889 Tantum
1883 857 1966 889 enim

179 899 278 939 abest,
308 902 344 930 ut
372 900 404 930 111
427 900 566 939 primarii
595 901 754 940 praecepti
781 900 913 932 formula
944 901 1140 940 acquiescere
1169 899 1333 940 possimus,
1362 902 1397 931 ut
1425 902 1533 932 contra
1554 899 1636 939 quod
1664 907 1721 931 nec
1742 899 1888 932 distincte
1909 907 1967 942 nec

179 941 345 972 distribute
359 950 537 980 expressam
554 950 621 972 eam
637 941 769 980 legimus
781 942 1008 981 reprehendere
1019 942 1194 974 debeamus.
1222 941 1492 973 Adnotatiunculis
1507 943 1611 973 autem
1628 940 1800 972 subiunctis
1814 940 1966 974 cancellos

181 982 270 1021 quasi
299 981 448 1021 quosdam
481 983 580 1012 virum
611 983 736 1013 doctum
767 983 935 1022 opinationi
968 992 1043 1014 suae
1076 983 1315 1014 circumdedisse
1338 983 1477 1021 quamvis
1499 991 1560 1013 non
1573 981 1761 1020 infitiemur,
1784 985 1889 1014 tamen
1911 991 1965 1014 eos

179 1023 265 1063 ipsos
286 1032 347 1054 non
370 1023 448 1055 satis
470 1026 620 1063 angustos
642 1033 710 1056 esse
732 1024 929 1056 arbitramur.
973 1024 1134 1064 Leguntur
1156 1024 1238 1056 enim
1259 1023 1351 1056 haec:
1396 1022 1553 1063 „Haben
1584 1022 1751 1063 (besitzen)
1781 1023 1838 1055 mit
1866 1023 1964 1056 einem

179 1062 299 1103 ObJect,
322 1065 454 1096 welches
475 1065 656 1097 bezeichnet
688 1067 719 1104 1)
742 1067 959 1105 geistigen
982 1067 1128 1098 Besitz
1158 1066 1235 1097 oder
1267 1066 1336 1097 eine
1358 1065 1502 1105 [geistige
1523 1066 1601 1097 oder
1621 1064 1829 1105 kerperliche]
1850 1065 1964 1105 Eigen-

179 1105 291 1143 schaft,
314 1106 389 1136 wird
411 1106 508 1137 durch
530 1115 598 1137 esse
620 1108 677 1137 mit
698 1108 768 1138 dem
792 1107 851 1138 abl.
875 1107 955 1146 qual.
979 1108 1054 1138 oder
1076 1107 1172 1138 durch
1194 1116 1280 1144 esse,
1309 1107 1410 1138 inesse
1432 1107 1463 1137 in
1494 1106 1647 1145 gegeben,
1675 1107 1709 1144 2)
1731 1106 1965 1144 νει-11111811-

179 1151 361 1187 tungen,
391 1147 744 1188 Gewohnheiten,
774 1147 1014 1189 Neigungen
1041 1157 1070 1180 u.
1101 1152 1128 1179 a.
1161 1148 1237 1180 wird
1268 1147 1364 1179 durch
1386 1156 1454 1179 esse
1475 1148 1534 1179 mit
1554 1148 1624 1179 dem
1646 1146 1778 1178 Genetiv
1799 1147 1875 1178 oder
1895 1147 1964 1178 dem

178 1190 469 1262 ῗξῖ111181ί1118181111811
491 1190 582 1222 Pron,
605 1192 812 1230 possessivum
835 1191 1052 1231 ausgedruckt,
1082 1202 1107 1222 z.
1131 1191 1165 1222 B.
1187 1191 1220 1222 id
1243 1193 1291 1222 est
1312 1190 1388 1222 certi
1410 1190 1600 1222 accusatoris
1623 1188 1784 1230 [officium]
1806 1189 1878 1222 hat
1898 1189 1965 1222 die

251 1232 288 1262 ic
326 1235 339 1262 t
361 1233 441 1262 818.ι

328 1271 431 1304 Ceteri
445 1272 641 1312 grammatici
656 1273 730 1313 quid
749 1273 927 1304 censuerint
941 1273 968 1304 si
989 1273 1176 1313 quaerimus,
1200 1273 1244 1304 rei
1266 1281 1318 1304 eos
1339 1272 1429 1313 plane
1452 1272 1658 1312 explorandae
1675 1272 1729 1311 ita,
1751 1274 1788 1302 ut
1808 1270 1964 1303 definitam

178 1313 314 1353 aliquam
330 1314 542 1353 usurpationis
559 1314 715 1354 regionem
735 1315 933 1355 dispicerent,
957 1315 1093 1346 studium
1113 1324 1244 1347 navasse
1259 1313 1417 1346 fatendum
1433 1317 1490 1345 881.
1525 1313 1619 1346 Velut
1634 1312 1964 1346 Schottmuller-

178 1355 203 1386 P
214 1355 354 1387 utsche
369 1355 480 1394 (1880)
495 1365 515 1386 a
529 1356 643 1394 dativo,
659 1365 719 1396 quo
729 1357 887 1395 possessio
903 1357 1032 1388 alicuius
1047 1357 1093 1387 rei
1107 1356 1200 1387 alicui
1215 1357 1351 1394 daretur,
1367 1355 1459 1386 verbo
1474 1355 1668 1386 substantivo
1683 1356 1830 1386 adiuncto
1846 1358 1965 1387 ceteras
1979 1369 1981 1371 ·
1998 1389 2001 1392 Α

178 1397 269 1428 11111118
292 1405 382 1428 888118
414 1397 522 1428 utendi
552 1397 689 1429 rationes
711 1407 853 1429 manasse
883 1398 1085 1429 coniecerunt.
1139 1397 1246 1437 Neque
1276 1396 1386 1428 inutile
1416 1397 1466 1436 sit,
1495 1397 1549 1436 qui
1570 1405 1662 1428 casus
1691 1396 1824 1436 amplius
1846 1400 1879 1428 et
1898 1395 1965 1428 fata

178 1439 284 1469 dativo
305 1439 484 1477 possessivo
505 1439 679 1477 inciderint,
701 1439 836 1470 breviter
850 1438 1032 1478 significare.
1063 1439 1239 1470 Ε8181118111
1260 1439 1466 1478 perspicuum,
1488 1437 1728 1478 quotiescunque
1750 1437 1798 1469 vel
1819 1437 1851 1469 in
1872 1437 1965 1469 unius

179 1479 380 1518 eiusdemque
401 1479 472 1510 libri
494 1480 688 1518 grammatici
701 1480 871 1511 editionum
894 1481 974 1511 serie
994 1480 1155 1518 praecepti
1177 1479 1340 1510 formulam
1362 1483 1514 1510 mutatam
1536 1480 1718 1516 invenimus,
1740 1479 1835 1510 toties
1856 1479 1965 1510 doctos
2007 1496 2010 1497 ν

177 1519 317 1552 homines
349 1522 383 1551 ut
406 1521 531 1553 tandem
554 1520 719 1561 aliquando
745 1524 921 1552 structurae
953 1523 1095 1552 naturam
1127 1524 1220 1560 atque
1250 1520 1482 1560 amplitudinem
1514 1520 1644 1551 clariore
1665 1520 1696 1551 in
1719 1519 1787 1551 luce
1814 1521 1965 1560 ponerent

179 1570 305 1600 operam
337 1562 463 1594 dedisse
492 1563 694 1594 connitentes.
739 1563 849 1602 Itaque
882 1563 953 1594 libri
982 1562 1065 1594 illius
1094 1563 1125 1593 in
1159 1571 1264 1593 omnes
1292 1562 1468 1602 pervulgati
1498 1562 1536 1593 ab
1558 1561 1774 1593 Ellendtio
1803 1560 1964 1600 compositi

178 1604 327 1642 novisque
349 1603 447 1643 Seyf
452 1603 467 1634 f
472 1605 573 1634 ertii
595 1605 677 1634 curis
692 1605 855 1635 retractati
869 1604 980 1642 (1867)
996 1604 1091 1635 editio
1107 1604 1240 1642 septima
1254 1604 1335 1634 hanc
1355 1603 1518 1634 formulam
1541 1602 1681 1635 exhibet:
1712 1603 1795 1642 „Das
1816 1601 1965 1634 deutsche

181 1644 300 1683 Haben,
323 1644 466 1676 Besitzen
489 1645 570 1676 kann
594 1644 690 1677 durch
713 1655 781 1677 esse
804 1645 860 1676 mit
881 1646 950 1677 dem
974 1645 1066 1686 Datiq
1088 1646 1143 1676 der
1166 1644 1282 1676 Person
1304 1644 1438 1684 gegeben
1462 1644 1593 1683 werden,
1615 1653 1702 1676 wenn
1724 1644 1775 1676 ein
1790 1642 1964 1675 wirkliches

179 1685 352 1717 Besitzturh
374 1687 450 1718 oder
471 1690 566 1718 etwas
588 1697 627 1717 zu
649 1687 717 1718 Teil
739 1686 946 1718 Gewordenes
968 1687 1031 1718 und
1055 1681 1315 1718 Uberkommenes
1343 1687 1419 1718 oder
1448 1687 1497 1718 ein
1528 1685 1688 1726 zufalliges
1710 1685 1966 1718 Vorhandensein

179 1726 360 1758 bezeichnet
381 1728 503 1759 werden
519 1727 606 1758 soll.“
650 1728 859 1759 Adnotatione
874 1731 978 1759 autem
994 1728 1202 1767 subsequente
1218 1728 1391 1767 singulares
1412 1728 1507 1758 animi
1529 1728 1728 1767 corporisque
1750 1735 1799 1758 res
1820 1726 1964 1765 proprias

179 1768 249 1799 aliis
273 1769 441 1800 structuris
463 1768 657 1800 denotandas
679 1778 748 1800 esse
771 1769 925 1808 explicuit.

262 1809 356 1850 Fugit
379 1819 444 1848 1108,
472 1818 546 1841 1111111
569 1820 629 1850 11110
650 1810 717 1842 1080
747 1810 886 1851 Seyffert,
917 1811 1027 1850 quibus
1058 1811 1160 1842 causis
1182 1810 1327 1842 inductus
1350 1820 1387 1843 ea
1416 1819 1494 1850 quae
1524 1810 1614 1841 modo
1650 1809 1811 1849 posuimus
1841 1807 1963 1841 convel-

178 1851 271 1882 lenda
292 1853 476 1890 putavisset,
498 1852 685 1890 exposuerit.
730 1852 810 1883 Illud
834 1856 916 1883 certe
938 1855 1061 1883 constat
1077 1856 1140 1883 tam
1162 1862 1342 1890 perversum
1365 1852 1462 1883 fuisse
1484 1855 1623 1884 tenorem
1645 1851 1814 1890 praecepti,
1837 1853 1872 1882 ut
1892 1859 1963 1882 sero

179 1892 364 1923 medicinam
394 1893 423 1923 ei
452 1892 579 1924 allatam
610 1901 678 1923 esse
711 1893 878 1923 habeamus
907 1894 989 1932 quod
1019 1893 1213 1924 demiremur.
1266 1892 1343 1923 Nam
1373 1902 1472 1932 neque
1501 1891 1627 1924 definite
1649 1892 1806 1930 descripta
1827 1893 1876 1922 est
1897 1891 1969 1922 tota‘

177 1934 333 1966 sententia
352 1937 384 1965 et
400 1934 535 1966 secunda
556 1943 592 1966 ac
608 1935 701 1965 tertia
723 1934 861 1966 condicio
884 1937 1003 1966 tantum
1025 1935 1114 1966 abest
1135 1937 1170 1965 ut
1192 1935 1273 1966 inter
1294 1943 1327 1966 se
1349 1934 1491 1966 diversae
1513 1934 1576 1965 sint
1597 1937 1632 1966 ut
1651 1935 1760 1965 contra
1780 1933 1862 1964 idem
1883 1932 1913 1964 h.
1936 1941 1963 1964 e.

178 1976 406 2014 possessionem
437 1977 599 2007 occasione
625 1976 731 2016 aliqua
762 1979 882 2015 partam
912 1976 1052 2015 pluribus
1082 1976 1183 2007 verbis
1214 1975 1396 2015 significent.
1449 1976 1554 2013 Quid?
1583 1976 1666 2015 quod
1696 1975 1771 2014 quid
1802 1974 1861 2006 sibi
1889 1974 1965 2006 velit

177 2017 302 2048 omnino
333 2017 434 2056 prima
463 2018 610 2056 condicio,
642 2026 710 2048 cum
738 2018 922 2056 praesertim
950 2018 1088 2056 exemplo
1117 2018 1158 2048 ad
1185 2018 1340 2048 notionem
1370 2018 1416 2048 rei
1444 2017 1600 2048 involutae
1621 2016 1820 2055 aperiendam
1853 2016 1965 2046 idoneo

177 2067 349 2097 careamuS,
370 2058 521 2090 incertum
544 2060 607 2090 est!
651 2058 779 2097 Qualem
802 2058 883 2090 enim
906 2057 1090 2098 discipulos,
1117 2067 1245 2099 quorum
1273 2058 1397 2098 quidem
1420 2067 1514 2090 causa
1535 2057 1612 2089 talia
1633 2058 1750 2097 scripta
1771 2060 1963 2096 censeamus,

177 2100 405 2138 possessionem
427 2100 486 2131 sibi
509 2099 625 2139 fingere
646 2105 793 2140 putamus
814 2109 935 2138 veram,
965 2100 1085 2139 qualem
1116 2110 1176 2131 11011
1204 2109 1307 2131 veram
1320 2100 1377 2138 ³)‘?
1420 2099 1526 2139 Neque
1547 2109 1620 2131 vero
1641 2099 1718 2131 illud
1739 2098 1964 2138 neglegendum

327 2200 355 2235 1)
377 2199 569 2227 Lateinische
591 2199 798 2236 Sprachlehre,
820 2200 847 2227 2.
869 2198 955 2235 Aust,
977 2199 996 2235 ξ
1018 2199 1086 2227 283.

328 2241 358 2275 2)
380 2240 572 2268 Lateinische
596 2240 877 2277 Schulgrammatik‚
903 2240 989 2275 1891,
1012 2240 1030 2276 ξ
1055 2240 1120 2267 159.

328 2281 358 2318 3)
381 2281 465 2310 Η888
487 2281 531 2310 818
553 2280 634 2322 dicta
655 2291 709 2319 per
730 2281 951 2310 successionem
974 2280 1123 2318 quandam
1145 2280 1257 2309 t'radita
1279 2280 1453 2309 invenimus.
1498 2280 1616 2318 Scripta
1638 2279 1774 2308 videmus
1796 2277 1855 2306 iam
1876 2278 1907 2306 in
1929 2287 1964 2307 eo

176 2322 253 2350 libro
278 2332 365 2359 quem
387 2323 762 2351 Billroth-Ellendt
778 2324 882 2359 (1848)
905 2327 1149 2359 composuerunt:
1179 2322 1255 2351 Esse
1273 2333 1296 2351 8.
1310 2322 1369 2351 dat.
1384 2322 1528 2351 bedentet
1550 2321 1668 2350 allemal
1689 2330 1746 2349 nur
1767 2319 1853 2349 einen
1874 2319 1964 2349 wirk-

176 2363 275 2392 lichen
298 2363 399 2392 Besitz
422 2364 627 2402 kerperlicher
649 2364 721 2392 oder
742 2364 889 2401 geistiger
912 2364 1018 2401 Dinge.
1063 2364 1136 2392 Α180
1159 2363 1271 2401 richtig
1292 2363 1332 2392 ist
1355 2368 1418 2401 „est
1440 2363 1512 2392 mihi
1534 2363 1654 2400 virtus“,
1686 2361 1759 2390 aber
1790 2360 1874 2390 nicht
1900 2364 1964 2397 „est
