2161 2676
167 196 240 219 vum
261 186 458 228 significavit,
479 187 573 219 tertio
594 195 670 220 casu
682 195 751 220 eam
773 187 890 237 reperit
910 186 1041 236 exprimi
1054 185 1291 227 possessionem,
1304 166 1359 218 ιιι

168 228 236 261 sive
256 229 423 270 contigisse
443 229 574 261 dicatur.
618 229 662 261 At
681 228 825 269 genetivi
838 228 1009 269 possessivi
1035 237 1104 261 eam
1125 236 1194 261 esse
1215 229 1376 268 naturam,
1405 232 1501 268 qut:
1521 229 1525 233 ’
1656 228 1668 252 ³¹
1713 238 1744 258 «ν,

169 269 341 310 telligenda
355 271 408 310 sit,
427 270 508 302 adeo
528 273 565 302 ut
586 279 666 310 quae
679 270 878 310 possideatur
891 278 942 302 res
956 269 1129 310 possessori
1143 269 1310 310 peculiaris
1329 278 1368 301 ac
1386 277 1467 310 prop
1502 283 1505 294 ι
1520 267 1685 322 ,flers
1692 271 1696 275 ’
1714 268 1722 274 ‘

167 311 339 352 possessio)
348 312 467 344 notioni
481 312 527 344 rei
541 320 705 352 possessae
719 311 880 343 inhaereat
895 319 1024 351 eamque
1036 311 1083 342 ita
1095 311 1272 343 necessario
1286 311 1497 350 angustiorem
1507 297 1685 344 reddat-'¹¹'

168 354 302 386 rentiam
324 353 464 386 declarat
484 353 533 385 vir
553 353 752 385 doctissimus
774 353 843 392 ipsa
864 355 1025 393 utriusque
1054 361 1146 384 casus
1174 355 1287 385 natura
1318 355 1413 393 atque
1438 351 1544 384 indole
1563 353 1649 384 recta
1667 347 1721 384 d
1718 365 1742 379 ιι

168 395 295 443 aperiri:
324 394 486 426 Erravisse
501 395 528 426 si
542 395 595 434 qui
609 395 786 442 genetivum
801 395 847 426 ita
861 395 1076 426 tantummodo
1090 394 1236 434 usurpari
1251 393 1462 433 opinarentur,
1483 396 1520 425 ut
1532 395 1685 433 perpetua
1699 366 1817 425 esset=
1833 392 1853 418 ⁹·
1940 422 1952 434 γ,
1974 414 1988 432 ·.

167 440 225 468 aut
244 436 341 468 animi
361 436 515 476 ingeniive
536 436 663 475 propria
684 445 735 467 res
756 444 902 475 possessa
924 435 1158 475 intelligeretur.
1181 435 1262 466 Illud
1276 435 1429 475 quadrare
1443 438 1476 466 et
1489 435 1530 467 ad
1544 435 1713 467 secundum
1726 434 1814 467 etad
1826 407 1904 471 feru

168 486 285 509 casum.
329 477 522 517 Quamquam
543 480 726 516 perpetuam
756 478 901 517 genetivo
923 478 1052 516 exprimi
1073 477 1300 525 possessionem
1321 479 1358 508 ιιι
1379 476 1612 516 suspicarentur
1633 476 1703 507 ideo
1723 469 1887 507 nonnullos

169 517 319 551 facillime
340 521 510 551 commotos
532 527 610 558 esse,
633 519 716 559 quod
736 519 893 558 possessio
914 528 975 550 non
1005 519 1068 550 iam
1090 518 1305 551 enuntiaretur
1333 518 1389 550 sed
1410 518 1599 558 cogitatione
1620 516 1846 558 quodammodo
1866 523 1958 558 prae-

170 561 326 600 ciperetur
340 569 378 592 ac
391 561 438 592 rei
452 569 616 599 possessae
631 561 749 592 notioni
764 562 941 592 accuratius
963 561 1215 592 determinandae
1232 569 1251 591 a
1266 560 1437 599 ceterisque
1451 560 1590 591 eiusdem
1612 559 1733 598 generis
1750 557 1919 593 secerneud

169 602 345 633 inserviret.
389 600 467 632 Cum
489 602 634 641 genetivo
656 602 813 650 possessio
835 603 895 632 iam
919 602 991 632 inde
1013 602 1052 632 ab
1075 602 1164 633 initio
1189 604 1347 641 tamquam
1370 603 1461 640 parta
1481 600 1684 640 intelligatur,
1706 600 1846 631 dativum
1869 598 1960 630 addit

171 642 277 674 Haase
304 651 472 683 numquam
506 643 653 682 usurpari
688 643 749 674 nisi
779 643 854 683 quid
883 643 1046 682 possidi
1074 646 1216 682 ponatur.
1277 643 1428 680 Quocirca
1457 642 1596 682 quamvis
1631 641 1788 682 possessio
1816 640 1940 689 genetiv

169 693 318 723 expressa
341 693 560 724 usquequaque
577 687 730 724 perpetua
752 685 793 716 sit
813 684 963 722 habenda,
986 689 1088 715 tamen
1110 685 1215 715 dativo
1237 685 1361 716 minime
1383 693 1451 715 eam
1466 683 1618 722 denotari,
1639 692 1720 723 quae
1736 681 1820 714 fluxa
1841 682 1884 714 sit
1904 683 1960 713 aut

170 726 295 757 caduca.
1978 724 1993 737 “¹

321 766 447 798 Summa
467 769 500 798 et
528 769 684 806 tamquam
714 767 847 798 medulla
869 766 1090 805 disputationis
1111 766 1290 798 Haasianae
1311 766 1351 798 iis
1373 767 1557 804 continetur,
1586 774 1665 814 quae
1687 774 1755 797 cum
1777 765 1817 797 de
1839 764 1961 796 ratione
1978 786 1997 798 ,-

172 808 256 839 inter
278 808 311 839 id
331 808 416 847 quod
437 808 618 847 possidetur
638 811 670 839 et
692 817 761 839 eum
784 808 836 847 qui
858 808 997 847 possidet
1018 808 1229 839 intercedente
1251 811 1317 839 tum
1345 809 1512 846 praecipue
1533 808 1571 839 de
1594 808 1633 838 iis
1654 807 1746 838 rebus
1768 805 1959 845 artibusque,

170 858 251 889 quae
272 849 311 880 ab
333 849 467 881 hominis
489 849 621 880 alicuius
642 849 726 881 reive
747 852 860 880 natura
889 849 1008 881 secerni
1030 858 1090 880 non
1113 851 1254 888 possunt,
1275 849 1409 888 exponit.
1452 848 1559 888 Neque
1581 849 1662 880 enim
1684 856 1869 889 quemquam
1891 855 1962 878 esse

171 900 272 931 quem,
294 891 322 922 si
343 891 452 929 „esse“
468 891 549 922 idem
566 891 669 923 valere
690 891 795 939 quod,
797 890 991 930 ,contigisse“
1006 891 1131 931 cogitet,
1154 890 1332 923 mutabilem
1347 899 1415 922 esse
1428 890 1513 922 illam
1535 891 1685 922 rationem
1707 889 1809 930 fugiat
1828 889 1961 921 variam-

174 942 244 973 que,
265 933 382 972 quippe
403 941 483 972 quae
504 942 540 964 eo
563 934 646 972 quod
668 933 792 964 minime
814 933 874 964 sibi
896 936 1018 964 constat
1041 931 1241 971 (‚fl1essendes
1264 933 1356 964 Sein“
1378 932 1531 972 appellat)
1553 933 1598 964 ita
1618 933 1850 970 determinetur,
1871 933 1910 962 ιιι
1929 933 1962 962 et

172 975 320 1005 constitui
341 975 441 1013 possit
462 982 537 1005 casu
559 975 661 1013 aliquo
684 977 716 1005 et
736 974 873 1005 dissolvi.
919 975 1008 1011 Quod
1030 983 1098 1005 cum
1120 975 1166 1005 ita
1187 974 1238 1012 sit,
1269 977 1390 1005 tantum
1413 974 1521 1005 abesse
1542 976 1579 1005 ut
1599 973 1729 1013 quodvis
1756 971 1962 1012 possessionis

175 1024 275 1064 genus
305 1016 412 1047 dativo
442 1023 511 1046 cum
541 1015 635 1047 verbo
664 1015 859 1046 substantivo
887 1016 1051 1055 coniugato
1080 1015 1211 1047 indicari
1240 1016 1356 1055 possit,
1385 1018 1420 1046 ut
1440 1018 1548 1046 contra
1576 1014 1661 1046 nulla
1682 1023 1733 1046 res
1754 1015 1795 1046 sit
1816 1012 1961 1053 ponenda

171 1057 231 1088 nisi
260 1065 314 1096 ea,
347 1066 427 1096 quae
456 1057 495 1088 ab
526 1066 563 1088 eo
595 1057 648 1096 qui
679 1057 839 1096 possideat
869 1060 923 1088 aut
954 1057 1094 1088 seiuncta
1123 1057 1165 1088 sit
1193 1059 1248 1088 aut
1276 1067 1295 1087 a
1316 1057 1442 1096 regione
1471 1057 1538 1088 eius
1559 1056 1684 1088 exclusa
1705 1058 1761 1087 aut
1781 1058 1865 1087 certe
1887 1053 1961 1086 talis

171 1098 287 1135 habita,
307 1107 359 1129 res
380 1101 416 1129 ut
437 1107 493 1137 per
514 1107 548 1128 se
570 1098 706 1137 cogitata
727 1107 878 1137 personae
900 1101 1025 1137 praesto
1047 1099 1105 1136 sit,
1135 1098 1164 1129 ei
1192 1098 1310 1137 aliquid
1332 1098 1482 1129 commodi
1503 1097 1618 1129 inferat
1639 1098 1680 1128 ad
1706 1106 1835 1136 eamque
1857 1095 1961 1128 effica-

171 1139 267 1170 citate
299 1139 433 1186 quadam
463 1139 505 1169 sit
536 1138 608 1176 (hac
635 1139 704 1177 ipsa
733 1147 808 1170 sane
838 1138 1023 1170 efficacitate
1050 1139 1163 1178 quippe
1192 1148 1254 1177 qua
1283 1139 1435 1170 obiectum
1464 1137 1623 1177 flagitetur
1643 1138 1768 1176 missa),
1798 1145 1960 1176 personam

171 1180 303 1252 denigue
324 1179 423 1219 ipsam
446 1188 568 1219 quoque
589 1180 630 1210 ad
652 1189 717 1211 rem
740 1179 907 1218 efficacem,
930 1180 974 1210 ita
998 1183 1033 1211 ιιι
1063 1189 1100 1211 ea
1122 1182 1229 1211 utatur
1251 1180 1377 1219 eiusque
1399 1180 1514 1211 habeat
1535 1182 1733 1218 potestatem,
1764 1187 1834 1210 esse
1855 1178 1962 1209 existi-

171 1230 244 1252 man
267 1230 326 1252 am.

323 1270 406 1307 Quid
428 1279 502 1309 ergo
525 1271 596 1301 est?
629 1270 745 1310 Nempe
768 1280 806 1301 ex
827 1271 866 1301 iis
888 1271 974 1309 ipsis,
996 1280 1076 1310 quae
1099 1271 1138 1302 de
1159 1270 1242 1301 illius
1264 1271 1395 1302 rationis
1417 1270 1590 1302 mobilitate
1603 1270 1851 1310 perscripsimus,
1873 1268 1962 1309 quid-

173 1321 245 1344 nam
267 1312 307 1343 de
328 1311 378 1342 his
400 1312 583 1342 structuris:
618 1310 696 1350 „fuit
717 1312 746 1343 ei
768 1320 881 1351 corpus
904 1312 1058 1343 validum“
1088 1321 1112 1343 s.
1142 1313 1282 1351 „animus
1303 1311 1414 1343 fortis“
1443 1321 1466 1343 s.
1496 1312 1672 1351 „ingenium
1704 1311 1859 1349 acutum“,
1888 1310 1962 1351 quid

173 1353 298 1384 omnino
313 1353 351 1384 de
374 1362 477 1384 rerum
499 1353 637 1391 corporis
660 1353 816 1392 animique
837 1353 1032 1392 propriarum
1047 1354 1241 1393 possessione
1255 1353 1452 1384 iudicandum
1467 1353 1519 1391 sit,
1533 1352 1678 1385 facillime
1692 1352 1827 1393 perspici
1848 1354 1962 1391 potest.

174 1395 302 1434 Optimo
325 1395 407 1426 enim
429 1394 497 1425 iure
519 1393 624 1426 Haase
646 1395 838 1426 demonstrat
860 1394 952 1426 talem
975 1398 1164 1426 structuram
1180 1395 1280 1435 qualis
1301 1393 1437 1434 fingatur
1458 1394 1551 1426 haec:
1574 1398 1643 1433 „est
1664 1394 1781 1425 homini
1803 1402 1916 1433 corpus
1937 1402 1962 1425 s.

173 1436 314 1468 animus“
336 1436 459 1468 nomine
480 1436 692 1475 praedicativo
714 1446 774 1467 non
797 1437 944 1468 adiuncto
962 1445 1000 1467 ne
1020 1446 1113 1476 posse
1136 1437 1258 1476 quidem
1281 1446 1340 1468 usu
1362 1437 1476 1474 venire,
1498 1437 1571 1476 quia
1593 1439 1624 1468 et
1645 1445 1758 1476 corpus
1779 1438 1812 1468 et
1832 1435 1963 1474 animus,

174 1487 255 1518 quae
277 1486 329 1509 res
352 1477 488 1509 cuiusvis
510 1477 643 1508 hominis
666 1478 839 1509 necessario
862 1478 1005 1517 propriae
1026 1478 1099 1516 sint,
1129 1478 1321 1509 universales
1344 1478 1504 1509 habendae
1526 1479 1589 1509 sint
1609 1478 1751 1509 notiones
1772 1477 1810 1508 ob
1833 1485 1963 1516 eamque

172 1528 238 1550 rem
260 1518 429 1557 specialem
450 1518 606 1557 quandam
628 1527 708 1558 quae
730 1528 803 1550 vere
825 1519 1011 1558 proprieque
1040 1519 1103 1550 dici
1132 1520 1232 1558 possit
1260 1520 1412 1550 rationem
1441 1528 1511 1550 cum
1539 1520 1667 1550 notione
1688 1519 1793 1550 dativo
1815 1526 1965 1557 expressa
2018 1526 2020 1528 ’

173 1559 300 1591 efficere
331 1568 391 1590 non
423 1559 531 1598 possit
576 1559 675 1596 Quam
703 1560 854 1591 rationem
887 1562 1020 1599 apparet
1046 1562 1163 1591 certam
1192 1558 1413 1599 definitamque
1445 1559 1512 1591 fieri
1543 1569 1604 1591 non
1626 1569 1718 1599 posse
1740 1559 1799 1591 nisi
1821 1568 1858 1591 eo
1881 1558 1963 1607 quod

173 1601 260 1633 notio
282 1600 337 1632 illa
358 1600 545 1632 universalis
566 1600 719 1632 attributo
741 1600 844 1640 aliquo
865 1601 1042 1632 accuratius
1064 1601 1270 1633 determinata
1291 1610 1330 1633 ex
1351 1603 1419 1632 tota
1446 1610 1549 1633 rerum
1572 1601 1708 1633 eiusdem
1730 1601 1854 1640 generis
1876 1600 1965 1640 copia

174 1645 269 1681 atque
291 1641 482 1672 abundantia
503 1642 656 1672 eximitur.
700 1642 811 1680 Itaque
833 1641 912 1680 „fuit
933 1643 961 1673 ei
983 1650 1095 1681 corpus
1117 1642 1321 1673 validum⁸⁴
1344 1642 1371 1672 si
1396 1643 1518 1680 dicitur,
1550 1642 1700 1673 attributo
1725 1642 1808 1681 quod
1828 1641 1964 1680 positum

175 1686 224 1715 est
246 1682 420 1722 „validum“
443 1683 620 1722 proprietas
642 1682 794 1722 quaedam
816 1683 951 1714 notionis
973 1683 1157 1715 universalis
1179 1682 1208 1715 h.
1231 1692 1256 1715 e.
1279 1683 1455 1723 ‚,corporis“
1485 1682 1616 1715 fortuita
1637 1691 1673 1716 ac
1696 1682 1862 1724 singularis
1883 1681 1964 1714 indi·

176 1727 267 1756 catur
285 1727 328 1795 let
354 1724 393 1755 ob
422 1724 455 1755 id
476 1725 578 1763 ipsum
604 1725 685 1755 ratio
715 1734 852 1763 quoque,
882 1734 960 1763 quae
989 1734 1058 1756 cum
1088 1734 1269 1763 possessore
1297 1726 1478 1762 intercedit,
1507 1726 1672 1757 statuenda
1699 1729 1748 1757 est
1768 1724 1898 1756 fortuita
1927 1733 1965 1756 ac

178 1766 333 1804 speciais.

326 1813 476 1846 Haasium
499 1813 566 1845 sine
587 1813 651 1845 ulla
672 1813 876 1852 dubitatione,
898 1817 933 1846 ut
954 1818 1002 1847 est
1023 1815 1127 1855 ampla
1142 1815 1210 1847 eius
1233 1824 1269 1847 ac
1284 1814 1407 1847 subtilis
1422 1815 1604 1855 disputatio,
1626 1815 1657 1847 in
1680 1815 1777 1847 dativi
1798 1815 1966 1855 possessivi

177 1859 293 1888 natura
313 1855 523 1896 perquirenda
544 1856 633 1887 unice
654 1864 761 1887 verum
783 1856 898 1888 vidisse
920 1857 950 1888 in
974 1857 1080 1896 aprico
1102 1860 1158 1889 est.
1202 1856 1266 1888 Nos
1280 1866 1354 1889 vero
1376 1857 1414 1889 iis
1437 1866 1517 1897 quae
1538 1857 1677 1897 repperit
1698 1857 1746 1888 vir
1767 1857 1966 1889 doctissimus

175 1896 350 1929 confirmati
379 1905 582 1937 quaecunque
610 1899 748 1928 extremo
778 1897 845 1928 loco
871 1899 1012 1936 exposuit
1044 1899 1084 1929 ad
1113 1899 1318 1937 possessionis
1349 1898 1503 1938 quoddam
1525 1907 1640 1937 genus,
1669 1898 1753 1938 quod
1775 1908 1814 1938 „p
1824 1907 1966 1930 osses-

175 1939 333 1971 sionem
360 1938 704 1970 determinatam“
728 1938 1081 1986 („q·ualifizierten
1114 1939 1293 1978 Besitz“)
1321 1949 1379 1971 nos
1409 1940 1532 1979 quidem
1555 1948 1710 1979 vocemus,
1732 1939 1852 1980 intellig
1853 1940 1965 1972 endum

175 1979 316 2012 conferre
337 1980 497 2011 audemus.
542 1980 578 2011 In
600 1979 716 2011 talibus
738 1980 820 2011 enim
842 1980 990 2020 exemplis
1011 1980 1115 2020 qualia
1136 1980 1292 2013 finxerunt
1312 1981 1522 2029 grammatici:
1551 1984 1621 2020 „est
1641 1964 1716 2012 mih'i
1737 1981 1863 2020 domus,
1893 1983 1967 2013 sunt
1991 2002 1994 2004 v

176 2022 252 2052 mihi
273 2021 365 2052 libri“
388 2024 446 2052 etc.
468 2030 520 2052 res
542 2030 704 2060 possessas
733 2021 762 2052 h.
786 2030 813 2052 e.
836 2021 1001 2059 „domum“
1032 2026 1063 2052 et
1085 2022 1218 2060 l„ibros“
1241 2032 1298 2061 per
1327 2032 1360 2054 se
1382 2023 1468 2062 ipsas
1489 2023 1666 2054 necessaria
1687 2022 1820 2062 quadam
1842 2022 1965 2054 ratione

175 2072 244 2093 cum
265 2063 389 2093 nomine
410 2063 517 2093 dativo
540 2071 686 2101 expresso
708 2062 875 2094 cohaerere
897 2071 987 2094 nemo
1010 2063 1184 2094 crediderit.
1228 2064 1325 2094 Immo
1347 2073 1420 2095 vero
1449 2072 1505 2094 eae
1532 2064 1754 2095 existimandae
1775 2065 1857 2101 sunt,
1879 2071 1966 2103 quas,

175 2103 320 2143 quoniam
341 2103 535 2135 extrinsecus
556 2106 715 2151 tamquam
737 2102 903 2142 obtingunt
932 2104 1121 2143 possessori,
1152 2113 1209 2143 per
1237 2104 1353 2135 nullam
1383 2104 1600 2136 necessitatem
1627 2105 1695 2136 eius
1727 2113 1795 2137 esse
1825 2106 1965 2144 apparet

176 2144 267 2182 Quod
282 2145 309 2176 si
323 2144 369 2176 ita
380 2143 426 2183 fit,
448 2153 690 2184 possession
700 2153 755 2176 em
777 2144 1014 2176 absolutam
1037 2146 1092 2184 (=
1106 2145 1481 2184 „schlechthiniger
1495 2145 1663 2184 Besitz“)
1684 2147 1883 2179 statuendam
1899 2154 1967 2178 esse

176 2195 233 2218 nos
255 2189 340 2218 certe
367 2168 564 2218 arbitramur.
608 2186 678 2223 Qua
692 2186 730 2220 ιιι
752 2196 786 2217 re
807 2186 884 2217 nihil
905 2185 1046 2226 profecto
1067 2186 1165 2218 refert
1186 2187 1362 2218 istiusmodi
1383 2196 1432 2218 res
1450 2197 1595 2226 possessa
1615 2189 1719 2219 utrum
1741 2188 1891 2219 attributo
1912 2187 1967 2219 de-

176 2226 302 2258 finiatur
322 2236 431 2265 necne,
452 2230 582 2265 utrum,
585 2230 645 2265 ,est
658 2227 734 2258 mihi
748 2228 878 2258 domus‘
893 2228 1017 2259 dicatur
1030 2237 1069 2259 an
1086 2230 1155 2267 „est
1177 2227 1252 2259 mihi
1267 2228 1371 2267 ampla
1392 2229 1521 2260 domus“
1523 2252 1531 2266 ,
1553 2232 1656 2260 utrum
1679 2231 1772 2268 „sunt
1785 2229 1862 2260 mihi
1874 2227 1966 2259 libri“

176 2277 216 2299 an
239 2270 331 2307 „sunt
360 2268 435 2300 mihi
463 2268 553 2300 multi
574 2251 674 2300 libri“.
725 2268 805 2299 Nam
833 2277 873 2300 ne
904 2278 941 2301 eo
969 2269 1094 2309 quidem
1124 2270 1207 2309 quod
1235 2269 1386 2301 attributa
1415 2270 1590 2302 adiciuntur
1617 2271 1699 2302 ratio
1731 2269 1785 2302 illa
1813 2270 1895 2302 inter
1917 2277 1967 2301 res

175 2318 337 2349 possessas
358 2312 391 2341 et
406 2309 530 2341 datIvos
544 2310 741 2341 intercedens
755 2310 801 2341 ita
814 2309 851 2341 fit
865 2310 1041 2350 singularis,
1053 2313 1090 2342 ut
1103 2311 1260 2350 possessio
1275 2311 1407 2351 intelligi
1445 2312 1524 2343 ossit
1534 2312 1750 2344 determinata
1772 2328 1814 2334 —
1834 2311 1968 2343 Prorsus

176 2349 270 2381 aliter
290 2350 489 2382 iudicandum
519 2352 568 2382 est
595 2350 635 2382 de
656 2350 853 2389 possessione
881 2350 1171 2383 determinata.
1216 2351 1303 2388 Quae
1332 2352 1359 2383 si
1386 2321 1550 2391 insistitur,
1572 2352 1726 2384 notionem
1748 2351 1848 2391 ipsam
1869 2351 1968 2383 nomi-
