2161 2676
121 0 130 9 *
200 0 338 26 “R
356 0 737 45 ⁴²⁶³”‘'3⁸3.Z?²'

316 183 565 224 Perfugium.
610 181 697 216 Verr.
719 182 762 221 11,
783 183 810 221 1.
830 183 892 215 82:
936 181 996 214 Hic
1023 179 1287 221 tibi-perfugium

167 225 226 257 tibi
239 233 302 266 ego
314 224 408 257 ullam
424 223 566 262 salutem,
589 223 686 255 ullum
700 221 874 263 perfugium
890 227 1006 263 putem,
1027 230 1098 255 cum
1115 227 1148 254 te
1161 222 1202 253 im
1225 221 1351 254 iic-tum
1606 235 1610 249 .
1627 240 1637 248 .·
1656 239 1670 247 ,ι

169 265 345 307 frequentia
357 264 464 307 populi
478 264 608 297 Romani
623 272 691 297 esse
711 265 834 298 videam
847 264 864 296 ¹?
885 263 924 297 cf.
938 263 1067 303 Tusc.1‚
1091 263 1166 309 118:
1221 265 1324 296 ortum
1345 261 1453 304 petius
1482 276 1486 289 ι
1513 263 1516 265 ’
1547 276 1566 288 v·

167 311 314 347 putemus
355 306 528 346 (Praedic.:
571 305 691 339 cluent.
716 305 792 338 1⁷1:
821 306 902 338 Huic
924 308 1056 339 mortem
1078 305 1257 337 maturabat
1274 304 1427 343 inimicus,
1449 304 1601 344 quodffli

168 348 343 388 perfugium
365 348 598 386 calamitatis?).
1257 359 1260 361 *
1815 360 1819 363 -

319 388 421 421 Port
430 398 451 420 u
462 397 478 421 s
492 388 715 428 (metaphorice
734 388 934 428 usurpatur).
965 387 1051 419 Verr.
1068 387 1105 427 V,
1124 387 1197 419 153:
1223 386 1341 424 Quibus
1354 385 1415 417 fuit
1429 388 1538 426 portus
1552 385 1636 427 apud
1650 395 1730 425 eum,
1751 390 1842 426 q'ucm
1856 393 1912 418 eon

168 440 257 464 arma
278 431 423 470 tulerant,
444 430 484 463 iis
505 431 589 470 apud
611 434 642 462 te
664 448 704 453 ——
727 439 811 462 mors
832 434 863 462 et
888 430 1044 462 cruciatus
1064 434 1133 461 crat
1154 428 1363 461 constitutus?
1384 427 1437 467 (cf.
1459 425 1549 460 Tusc.
1572 427 1597 467 1,
1620 427 1680 460 118
1701 429 1822 468 supra).
1857 432 1862 434 ⁷

319 487 373 527 δᾶ)
393 487 460 518 lam
482 496 554 518 vero
577 491 770 518 transeamus
791 488 831 518 ad
857 497 942 518 usum
965 487 1014 518 vel
1029 487 1318 525 pervagatissimum
1334 486 1491 516 notionum
1506 493 1596 524 posse
1610 485 1728 524 aliquid
1749 485 1817 517 fieri
1839 485 1965 525 proprie
2000 471 2009 482 ε

169 538 302 570 vereque
322 528 561 562 declarantium:

319 570 575 609 Facultas1).
606 570 653 602 De
675 571 747 610 imp.
766 570 819 602 18:
845 570 953 610 Neque
969 569 1048 601 enim
1065 569 1162 601 isdem
1179 569 1349 601 redimendi
1371 568 1503 601 facultas
1525 568 1586 600 erit
1606 570 1735 608 propter
1755 567 1964 601 calamitatem

170 621 269 652 neque
290 612 361 644 aliis
383 611 527 643 voluntas
554 615 684 660 propter
711 612 862 660 timorem.
907 611 992 642 Verr.
1005 614 1079 682 Zet.
1102 611 1126 648 1,
1155 611 1213 642 55:
1243 628 1283 633 —
1311 614 1346 642 ut
1376 610 1436 642 illis
1465 618 1587 650 quoque
1616 610 1723 658 eadem
1754 609 1965 649 interrogandi

166 653 850 742 {staifaffiffifflfftfflfffflitssss·
875 652 981 741 1333&
1004 652 1152 724 ωὲἲεὲἑῗῐ
1176 651 1966 741 25353321531.⁸⁰1¹.234213f¹²3ffi?;3{Questus}

169 736 303 768 facultas
325 736 441 777 nostris
462 736 630 768 maioribus
652 739 729 773 erat,
751 744 803 774 qul
826 734 975 767 confectis
997 738 1124 766 senatus
1146 734 1304 765 consultis.

317 785 528 817 Potestas.
567 785 653 816 Brut.
673 784 748 816 189:
793 784 884 822 Quid,
905 783 1153 815 adolescentibus
1175 783 1262 815 nobis
1284 792 1378 823 quum
1402 786 1485 815 esset
1506 783 1599 815 Cotta
1621 787 1652 815 et
1672 783 1866 822 Hortensius,
1892 790 1966 814 num

167 827 248 867 quis,
269 826 319 858 cui
333 826 458 866 quidem
473 826 605 866 eligendi
620 829 758 865 potestas
772 830 864 864 esset,
885 833 1068 864 quemquam
1084 824 1132 856 his
1153 824 1384 864 anteponebat?
1408 824 1454 856 De
1467 825 1529 856 inv.
1551 825 1592 863 11,
1612 825 1649 857 5:
1686 824 1733 856 Ex
1755 824 1870 856 maiore
1885 823 1966 856 enim
2030 829 2037 833 ·
2099 825 2111 830 '⁴

170 869 260 908 copia
283 868 371 900 nobis
392 876 484 908 quam
507 867 551 898 illi
579 867 639 899 fuit
673 867 881 908 exemplorum
904 867 1036 906 eligendi
1059 869 1207 906 potestas.
1240 866 1298 898 ib.:
1337 865 1434 898 Nobis
1455 866 1609 906 omnium,
1637 866 1821 906 quicumque
1842 864 1968 900 fuerunt

167 910 209 942 ab
231 909 341 941 ultimo
363 909 514 949 principio
536 909 627 940 huius
647 909 876 948 praeceptionis
898 917 995 947 usque
1016 908 1057 939 ad
1080 908 1136 939 hoc
1152 911 1275 947 tempus
1297 907 1445 946 expositis
1460 907 1566 947 copiis,
1586 908 1801 947 quodcumque
1822 907 1968 946 placeret,

168 951 304 990 eligendi
326 953 468 991 potestas
488 949 557 981 fuit.
591 950 630 981 de
652 959 694 980 or.
716 950 756 987 11,
777 951 835 981 52:
880 949 941 980 Res
972 957 1077 980 omnes
1098 948 1288 988 singulorum
1316 957 1465 980 annorum
1488 948 1657 980 mandabat
1686 948 1799 980 litteris
1829 946 1967 987 pontifex

167 993 321 1024 maximus
342 990 555 1032 referebatque
578 991 606 1021 in
629 990 731 1022 album
753 993 785 1023 et
806 990 998 1030 proponebat
1018 989 1158 1021 tabulam
1180 989 1272 1027 domi,
1295 992 1435 1029 potestas
1463 992 1499 1021 ut
1519 993 1602 1021 esset
1622 989 1735 1029 populo
1756 988 1967 1029 cognoscendi.

168 1034 292 1071 Quinct.
314 1033 375 1065 40:
405 1033 495 1063 Anno
517 1036 549 1063 et
571 1041 624 1063 sex
646 1032 801 1064 mensibus
816 1050 865 1069 ——‚
888 1040 958 1063 cum
981 1031 1038 1062 tibi
1060 1031 1173 1063 cotidie
1188 1034 1328 1070 potestas
1342 1031 1474 1062 hominis
1494 1030 1603 1063 fuisset
1622 1030 1819 1070 admonendi,
1840 1029 1967 1062 verbum
2048 1053 2051 1054 γ
2114 1051 2116 1054 -

169 1074 287 1106 nullum
308 1073 397 1106 facis.
432 1073 551 1105 Cluent.
576 1073 631 1105 1οε
662 1073 804 1105 cluentio
826 1073 884 1104 nisi
907 1081 988 1104 nunc
1008 1073 1087 1104 satis
1108 1072 1217 1111 fecero,
1238 1076 1347 1112 postea
1377 1072 1452 1104 mihi
1482 1071 1558 1104 satis
1586 1071 1718 1104 faciendi
1747 1075 1887 1112 potestas
1908 1080 1967 1103 non
2015 1096 2020 1100 .
2149 1107 2153 1110 .

168 1116 244 1148 erit:
261 1116 302 1147 ib.
326 1115 403 1148 193:
426 1115 537 1154 Itaque
560 1114 643 1146 nullo
666 1115 696 1146 in
711 1115 826 1154 oppido
840 1114 1028 1146 consistendi
1042 1117 1183 1154 potestas
1204 1113 1233 1145 ei
1248 1113 1317 1146 fuit.
1347 1113 1433 1146 Balb.
1448 1105 1505 1146 2⁵1:
1535 1113 1588 1153 Ut,
1610 1114 1635 1145 si
1652 1113 1799 1145 Gaditani
1821 1113 1969 1145 sciverint
2008 1129 2019 1135 «
2077 1103 2118 1136 5¹⁴²

168 1157 349 1190 nominatim
372 1157 413 1188 de
434 1156 539 1197 aliquo
553 1156 620 1188 cive
635 1156 781 1196 Romano,
804 1160 839 1187 ut
854 1156 896 1188 sit
911 1156 938 1188 is
952 1155 1029 1188 civis
1043 1155 1228 1194 Gaditanus,
1250 1164 1363 1195 magna
1376 1158 1516 1195 potestas
1537 1156 1579 1187 sit
1600 1159 1704 1187 nostro
1727 1155 1787 1187 civi
1802 1154 1968 1198 mutandae
2091 1152 2116 1185 '3

166 1199 315 1238 civitatis,
336 1207 393 1231 nec
413 1197 538 1230 foedere
559 1198 757 1238 impediatur,
779 1206 840 1238 quo
862 1198 963 1229 minus
985 1207 1022 1229 ex
1044 1197 1110 1229 cive
1131 1198 1269 1229 Romano
1290 1197 1366 1229 civis
1388 1197 1563 1229 Gaditanus
1586 1197 1686 1236 possit
1700 1205 1775 1229 esse.
1812 1196 1891 1228 Sest.
1910 1196 1966 1228 52:

167 1240 342 1280 Numquam
365 1258 408 1264 —
429 1239 490 1271 erit
512 1242 576 1272 tam
598 1248 767 1279 oppressus
787 1242 924 1278 senatus,
948 1242 983 1270 ut
1004 1239 1032 1270 ei
1055 1247 1094 1270 ne
1115 1238 1309 1279 supplicandi
1331 1239 1454 1278 quidem
1477 1247 1514 1271 ac
1535 1238 1661 1277 lugendi
1676 1238 1718 1271 sit
1732 1242 1880 1279 potestas,
1903 1241 1966 1269 tam
2065 1258 2073 1278 3

170 1286 282 1354 camus
302 1281 556 1329 equesterordq
577 1281 754 1352 ut¹equites
775 1280 905 1312 Romani
927 1289 946 1311 a
968 1281 1093 1312 consule
1114 1280 1299 1329 relegentur.
1329 1280 1371 1327 ib:
1395 1280 1455 1312 113
1462 1291 1472 1327 3
1510 1279 1557 1311 Ex
1577 1280 1626 1318 iis,
1647 1280 1701 1320 qui
1722 1279 1888 1320 populares
1908 1288 1966 1311 non
1992 1296 1995 1297 ν
2060 1298 2062 1300 -
2100 1297 2106 1300 -
2158 1294 2161 1302 ·

168 1322 618 1412 ἓρὲέᾚὲἐέῒὲῖῴῗμέ
631 1321 815 1411 ξῖᾳὲῗὲἔὲο
830 1322 1053 1411 ῗὲἓῗῶῗἭ
1063 1325 1274 1411 {utillima
1283 1321 1497 1401 ‘fflffidle
1502 1323 1661 1394 Ρὲἑὲῗῗῖι
1670 1323 1819 1395 ἳὲἓῑῖἱῗ
1826 1320 1927 1400 ’.1221'
1939 1329 1968 1394 ἐξ

167 1413 313 1443 umquam
333 1405 374 1436 de
387 1404 465 1436 bene
484 1408 603 1435 meritis
617 1404 735 1435 ombus
749 1408 890 1442 potestas
905 1404 992 1435 nobis
1007 1404 1163 1435 iudicandi
1178 1404 1247 1443 fuit,
1262 1421 1303 1426 —
1318 1403 1376 1434 hoc
1389 1403 1527 1443 profecto
1545 1408 1683 1443 tempore
1696 1412 1764 1435 eam
1779 1406 1966 1443 potestatem

166 1454 288 1477 omnem
311 1453 366 1476 vos
386 1444 517 1483 habetis,
545 1448 580 1476 ut
601 1445 751 1477 statuatis
773 1468 901 1477 .....
931 1444 1021 1476 Prov.
1043 1453 1123 1477 cons.
1153 1445 1211 1476 41:
1253 1444 1322 1476 Non
1351 1444 1378 1476 is
1406 1444 1506 1476 solum
1535 1448 1643 1483 gratus
1676 1444 1770 1477 debet
1799 1452 1884 1482 esse,
1913 1443 1967 1483 qui

166 1487 288 1527 accepit
309 1485 502 1525 beneficium,
524 1495 631 1519 verum
653 1487 747 1518 etiam
771 1487 808 1526 is,
830 1487 879 1519 cui
895 1489 1035 1526 potestas
1049 1486 1220 1526 accipiendi
1241 1485 1309 1518 fuit.
1333 1486 1407 1526 Leg.
1429 1495 1494 1526 agr.
1517 1486 1557 1524 11,
1578 1486 1635 1518 91:
1667 1486 1775 1527 Neque
1796 1486 1876 1518 enim
1899 1494 1968 1517 con-

167 1529 308 1560 tionandi
333 1530 474 1568 potestas
503 1532 572 1559 erat
604 1528 746 1568 cuiquam
780 1537 835 1559 nec
862 1527 982 1559 consilii
1012 1527 1157 1567 capiundi
1179 1527 1304 1566 publici.
1347 1528 1435 1559 Verr.
1457 1530 1516 1559 act.
1539 1528 1581 1565 ΙΙ,
1613 1528 1666 1559 lib.
1687 1528 1714 1566 I,
1746 1528 1801 1560 72:
1839 1527 1886 1559 De
1907 1536 1968 1567 quo

166 1578 206 1601 ne
220 1569 320 1600 multa
333 1569 497 1607 disseram,
512 1571 635 1600 tautum
649 1569 730 1606 dico,
746 1571 886 1601 secutum
901 1569 932 1599 id
948 1577 1016 1600 esse
1033 1568 1187 1610 Neronem
1208 1571 1240 1599 et
1254 1568 1321 1600 eius
1336 1568 1510 1600 consilium:
1533 1569 1614 1608 quod
1631 1569 1805 1601 Cornelium
1827 1568 1966 1601 lictorem

167 1611 302 1643 occisum
323 1619 391 1643 esse
413 1613 579 1648 constaret,
601 1612 730 1650 putasse
752 1619 811 1642 non
833 1613 978 1650 oportere
999 1619 1068 1642 esse
1089 1609 1232 1649 cuiqmm
1255 1619 1294 1641 ne
1315 1610 1346 1642 in
1363 1609 1539 1642 ulciscenda
1559 1610 1683 1651 quidem
1699 1610 1813 1651 injuria
1834 1610 1967 1643 hominis

167 1652 327 1684 occidendi
349 1655 546 1691 potestatem.
590 1651 667 1683 Phil.
692 1652 728 1690 V,
750 1652 788 1683 8:
826 1651 921 1683 Eccui
943 1655 1083 1691 potestas
1104 1652 1135 1683 in
1157 1651 1257 1683 forum
1280 1651 1455 1683 insinuandi
1476 1651 1559 1683 fuit?
1598 1652 1638 1683 ib.
1660 1652 1720 1684 45:
1755 1652 1855 1692 Saepe
1875 1661 1967 1692 spero

168 1692 234 1724 fore
255 1693 348 1725 huius
368 1693 576 1725 adulescentis
598 1693 728 1724 ornandi
751 1693 985 1733 honorandique
1006 1702 1043 1724 ex
1065 1692 1153 1724 nobis
1173 1696 1205 1724 et
1219 1692 1333 1733 populo
1354 1692 1491 1725 Romano
1513 1695 1709 1733 potestatem.
1752 1693 1792 1725 ib.
1816 1693 1886 1733 vu,
1908 1693 1965 1726 262

170 1726 257 1766 Haec
278 1735 305 1766 si
326 1734 446 1772 fecerit,
467 1735 529 1767 erit
551 1734 672 1774 integra
693 1738 833 1774 potestas
856 1734 943 1766 nobis
964 1734 1165 1766 deliberandi.
1208 1734 1249 1766 ib.
1274 1734 1360 1773 VIII,
1390 1736 1451 1766 21:
1487 1734 1637 1775 Equidem
1664 1744 1732 1768 cnm
1754 1738 1827 1768 ante
1848 1735 1966 1776 legatos

167 1776 292 1807 decerni
314 1784 374 1807 non
395 1777 590 1814 censuissem,
612 1776 670 1807 hoc
691 1785 740 1807 me
762 1779 865 1807 tamen
888 1776 1077 1814 consolabar,
1099 1776 1190 1815 quod,
1212 1784 1280 1806 cum
1311 1776 1356 1807 illi
1377 1776 1417 1807 ab
1440 1776 1573 1808 Antonio
1600 1778 1768 1816 contempti
1796 1781 1828 1809 et
1857 1777 1966 1810 reiecti

168 1817 371 1849 revertissent
392 1817 712 1857 renuntiavissentque
733 1817 855 1849 senatui
878 1825 935 1848 non
958 1817 1048 1848 modo
1069 1816 1155 1848 illurn
1178 1817 1217 1848 de
1239 1816 1342 1849 Gallia
1364 1826 1422 1849 non
1451 1817 1636 1857 discessisse,
1665 1819 1710 1851 uti
1734 1819 1965 1858 censuissemus,

168 1858 225 1890 sed
239 1867 279 1890 ne
293 1867 313 1890 a
328 1858 450 1890 Mutina
464 1858 587 1897 quidem
602 1858 772 1898 recessisse,
794 1862 983 1898 potestatem
999 1858 1058 1891 sibi
1073 1859 1110 1890 D.
1127 1859 1215 1890 Bruti
1230 1858 1428 1891 conveniendi
1450 1868 1510 1891 non
1531 1859 1634 1899 fuisse,
1656 1860 1819 1900 sperabam
1842 1859 1907 1892 fore
1929 1864 1963 1894 ut
2030 1885 2035 1887 -

288 1899 589 1973 :ferrieres
1010 1900 1371 1981 cfflcezsffizaeuz
1384 1900 1704 1984 ‘suffles
1726 1905 1814 1975 eet-
1835 1902 1963 1976 cmg-¹

529 1964 536 1972 .
591 1964 599 1979 ,
648 1951 655 1972 ε
1374 1951 1412 1974 uo
1464 1951 1493 1974 in
1550 1951 1583 1975 ra
1613 1951 1700 1976 nois
1805 1952 1961 1976 iuicani

165 1985 317 2023 potestas.
348 1982 434 2015 Fam.
456 1982 481 2021 I,
503 1982 533 2022 7,
551 1984 585 2014 1:
608 1982 739 2020 Quoties
753 1982 829 2015 mihi
845 1986 1000 2015 certorum
1023 1983 1180 2016 homiuum
1196 1966 1338 2024 potestas
1359 1984 1429 2023 erit,
1450 1984 1561 2025 quibus
1583 1988 1667 2017 recte
1688 1985 1768 2025 dem,
1791 1994 1849 2017 non
1872 1994 1962 2025 prae·

166 2025 348 2056 termittam.
371 2024 410 2056 ib.
434 2024 459 2062 Ι,
482 2024 512 2062 9,
534 2024 591 2055 22:
629 2024 828 2063 Quocumque
850 2028 987 2063 tempore
1008 2024 1083 2056 mihi
1147 2028 1246 2056 testas
1266 2025 1439 2064 praesentis
1469 2026 1515 2057 tui
1545 2025 1650 2064 fuerit,
1679 2029 1715 2058 tu
1740 2027 1801 2058 eris
1827 2027 1962 2058 omnium

166 2065 345 2096 moderator
366 2065 562 2096 consiliorum
587 2072 724 2096 meorum
749 2064 800 2103 (cf.
823 2064 869 2095 De
884 2065 935 2096 fin.
950 2065 987 2104 V,
1011 2066 1068 2097 75:
1104 2033 1199 2096 {itui
1220 2065 1308 2097 nobis
1328 2069 1467 2105 potestas
1488 2066 1610 2106 saepius
1630 2066 1728 2106 fieret,
1751 2076 1808 2099 non
1831 2067 1962 2100 multum

317 2183 346 2218 1)
376 2182 478 2210 Verba
509 2182 594 2211 finita
623 2182 681 2210 huc
714 2181 894 2218 quadrantia
924 2182 1005 2210 haud
1028 2183 1081 2211 abs
1104 2192 1135 2210 re
1175 2181 1232 2210 erit
1262 2181 1411 2219 proferre:
1440 2184 1598 2221 „Facultas
1629 2184 1699 2213 data
1728 2189 1775 2213 est
1804 2194 1827 2213 s.
1857 2185 1962 2214 datur“

166 2222 239 2252 Sull.
262 2224 290 2252 2.
311 2223 394 2253 Fam.
409 2223 467 2262 HI,
490 2224 517 2261 3,
533 2224 559 2252 2.
590 2223 706 2252 Cluent.
731 2224 777 2252 10.
821 2223 905 2252 Verr.
928 2224 968 2261 ΙΙ,
994 2225 1069 2261 178;
1099 2223 1290 2261 „facultatem
1313 2223 1427 2254 facere“
1450 2225 1534 2254 Verr.
1556 2226 1596 2263 II⁷
1621 2227 1695 2263 179;
1718 2230 1868 2264 „potestas
1890 2226 1961 2256 data

164 2266 229 2294 est‘*
262 2265 352 2295 Rosc.
384 2266 450 2294 Am.
473 2266 522 2294 28.
556 2266 639 2294 Verr.
662 2266 719 2301 ΙΙΙ,
744 2266 811 2294 140.
842 2265 951 2294 Caecil.
971 2267 1024 2302 635
1047 2270 1198 2303 „potestas
1220 2265 1301 2295 facta
1324 2270 1369 2295 cst
1391 2277 1413 2295 s.
1435 2267 1486 2296 fit“
1508 2267 1594 2296 Verr.
1608 2268 1648 2305 H,
1671 2268 1694 2305 Ι,
1720 2269 1793 2301 142;
1815 2268 1872 2306 III,
1895 2269 1961 2298 140.

167 2307 235 2335 148.
257 2306 310 2342 IV,
335 2307 402 2335 149.
445 2306 523 2335 Phil.
545 2307 569 2344 Ι,
592 2308 639 2336 38.
676 2307 793 2336 Cluent.
812 2308 877 2336 108.
899 2312 969 2345 post
992 2307 1052 2336 red.
1076 2308 1105 2336 in
1128 2317 1188 2335 sen.
1212 2308 1238 2335 3.
1261 2307 1336 2336 Tull.
1360 2309 1408 2337 39.
1437 2309 1502 2337 Pin.
1525 2309 1560 2346 V,
1584 2310 1630 2338 75.
1660 2310 1741 2338 Fam.
1764 2309 1835 2347 XII,
1860 2311 1905 2347 10,
1926 2311 1960 2346 1;
1980 2313 1983 2316 ’

165 2352 363 2385 „potestatem
386 2347 503 2377 facere“
525 2349 613 2378 Rosc.
636 2349 702 2377 Am.
726 2349 772 2377 73.
804 2348 888 2377 Verr.
911 2349 951 2386 ΙΙ,
974 2349 997 2386 1,
1024 2351 1067 2377 15.
1098 2349 1150 2385 IV,
1172 2350 1220 2377 154.
1264 2349 1341 2378 Phil.
1363 2350 1432 2387 VII,
1456 2352 1503 2379 26.
1534 2350 1619 2387 VIII⁷
1642 2352 1690 2379 31.
1734 2350 1842 2380 Caecil.
1864 2352 1913 2380 45.
