2161 2676
1555 72 1564 87 .-
1564 71 1613 83 ττττ

949 196 1090 245 ‘'naut-o
1104 200 1281 261 possessivo
1302 185 1490 246 constructio
1508 207 1679 252 statuatur,
1697 222 1769 254 qua·
1778 175 1947 247 dativus.
1972 208 1981 227 ἕ

437 251 557 284 “solo
566 252 692 285 verbo
708 252 985 285 substantivo
1005 259 1079 293 per
1099 263 1141 285 se
1161 253 1314 293 posito.
1342 267 1345 270 ·

414 300 447 326 ιιι
467 291 646 328 dissimiles
656 296 731 326 sunt
750 294 831 326 duae
851 293 910 326 sub
930 294 1077 328 iudicium
1105 295 1167 327 iam
1188 294 1346 327 vocandae
1367 294 1523 333 rationes3
1552 294 1651 327 altera
1670 295 1698 327 si
1718 294 1843 335 valea,
1844 296 1943 334 ,118εῶ

148 370 312 412 'fintionoe
330 368 482 415 quasdam
503 359 663 408 relationis
683 378 818 414 (esse-
777 390 819 396 -
833 376 1049 416 intercedere),
1071 379 1127 408 aut
1147 378 1209 408 vim
1223 377 1316 409 habet
1329 376 1422 419 plane
1436 377 1650 417 copulativam.
1686 377 1767 409 Illud
1779 378 1808 410 ai
1821 377 1859 410 fit
1871 378 1901 410 h.
1915 387 1942 410 e.

199 416 341 448 -verbum
362 416 588 449 substantivum
610 418 672 449 vim
693 417 779 449 verbi
800 427 856 457 per
877 427 911 450 se
925 419 1020 458 positi
1041 418 1134 449 habet
1148 419 1289 458 idemque
1309 417 1438 450 denotat
1459 419 1564 458 quod,
1565 419 1797 458 ,ἰιιωιωιίοτοζ
1816 420 1943 451 dativus

139 463 226 492 ,non
247 457 301 489 uni
322 458 415 490 verbo
436 458 630 490 substantivo
651 460 706 490 sed
728 460 953 491 universae
973 460 1011 490 in
1033 459 1157 491 verbo
1179 460 1450 491 substantivo
1472 459 1747 500 subie-ctoque
1767 461 1944 500 positae

164 499 335 530 notioni
356 501 601 531 necessaria
621 500 823 531 iunctura
844 501 1029 531 adiectus
1050 500 1359 532 existimandus
1380 504 1461 540 est,
1483 510 1540 533 nec
1554 500 1622 533 fieri
1639 504 1754 549 potest,
1775 502 1849 541 quin
1869 510 1943 533 oon-

155 540 311 572 -tentionis
333 544 365 572 et
386 541 626 580 comparationis
646 550 742 572 causa
770 542 953 573 advocemus
974 542 1208 573 usitatissimam
1230 542 1313 572 illam
1344 542 1559 581 locutionem,
1562 543 1715 581 ,convenit
1734 542 1812 577 milii
1827 543 1943 583 aliquid

164 590 234 613 cum
256 582 379 621 aliqu0“
402 582 479 621 (Cic
500 582 589 613 Rosc.
614 583 679 613 Am.
705 583 754 613 79.
788 582 867 613 Phil.
888 582 973 621 XIII,
996 583 1045 614 37.
1078 582 1165 614 Offic
1188 583 1245 621 ΙΙΙ,
1267 583 1315 614 62.
1349 583 1438 614 Tusc.
1460 584 1517 622 III,
1538 567 1588 615 4'6.
1625 584 1692 616 Fin.
1714 584 1753 623 V,
1774 584 1825 616 87.
1856 585 1942 615 Fam.

163 621 250 661 XIII,
272 623 329 662 6a,
351 624 394 660 2).
438 623 554 655 Contra
574 623 700 654 verbum
723 623 948 655 substantivum
979 624 1006 655 si
1028 624 1139 663 copula
1160 624 1374 655 tantummodo
1404 625 1553 656 enuntiati
1581 629 1646 664 est,
1676 626 1802 657 dativus
1830 628 1886 657 aut
1906 629 1943 656 ex

162 647 329 703 adjectivo
337 664 440 705 aliquo
451 666 661 704 praedicative
682 665 773 702 dicto,
796 665 879 705 quod
900 664 1066 696 definiatur
1088 674 1124 696 ac
1138 665 1362 697 determinetur
1374 674 1499 697 necesse
1520 669 1577 704 est,
1598 667 1720 706 (velut,
1723 667 1850 707 ,aliquid
1866 666 1942 699 mihi

147 714 324 737 commune
345 709 393 737 est
414 715 484 738 cum
505 706 617 746 aliquo‘
620 706 642 746 ‘)
664 709 720 737 aut
741 716 778 738 ex
800 706 994 738 substantivo
1024 707 1127 747 aliquo
1156 707 1230 738 item
1259 707 1470 746 praedicative
1500 709 1602 747 posito
1631 712 1724 748 aptus
1744 712 1795 740 est
1814 711 1837 748 (,
1839 708 1942 748 ‚Dativ

162 747 219 778 der
237 746 347 778 blossen
368 748 710 787 Zusammenordnung“
731 748 925 779 Kuehnastio
947 749 1115 785 auctore1)
1137 748 1241 780 vocari
1262 748 1390 787 potest).

312 795 451 827 Tertium
472 797 534 827 iam
555 797 697 836 idemque
718 800 907 836 postremum
929 798 1027 828 dativi
1048 797 1220 836 usurpandi
1240 806 1348 837 genus,
1369 798 1399 828 in
1423 806 1483 836 quo
1498 798 1605 836 „esse“
1620 802 1653 829 et
1673 798 1798 830 verbum
1820 797 1940 831 finitum

163 846 233 869 esse
247 839 352 876 potest
367 840 399 869 et
413 838 523 877 copula
537 847 605 869 cum
621 838 830 877 praedicativo
845 838 947 878 aliquo
963 839 1183 877 connectenda,
1197 839 1230 869 id
1246 842 1410 876 statuatur,
1425 848 1487 886 quo
1503 838 1651 871 solutiore
1665 840 1797 882 quadam
1815 839 1943 871 licentia

162 887 220 917 pro
235 879 377 917 genetivo
392 879 568 918 possessivo
584 880 696 911 tertius
711 888 800 911 casus
816 880 1008 911 substantivo
1023 880 1116 911 alicui
1130 880 1360 919 praepositione
1376 880 1555 919 saepissime
1572 880 1739 912 terminato
1761 880 1943 921 adiungitur

164 919 283 957 (velutz
327 919 483 958 Septimus
513 920 589 951 mihi
618 920 696 951 liber
717 921 878 959 Originum
907 924 955 952 est
981 921 1012 952 in
1039 921 1181 952 manibus
1202 921 1269 952 Cat.
1299 921 1348 952 35.
1393 921 1452 957 Qui
1485 921 1571 952 vobis
1599 922 1631 972 in
1662 921 1790 953 consilio
1818 921 1943 952 filerunt

163 960 236 992 Suu.
262 961 308 991 13.
346 960 404 999 llli,
425 961 535 1000 quibus
556 971 626 993 eras
647 962 680 993 in
702 962 830 1001 deliciis,
851 962 903 993 vix
923 962 1020 992 risum
1042 961 1190 993 tenebant
1210 962 1281 993 Vat.
1304 962 1345 993 20
1367 962 1446 1000 etc).

311 1001 369 1033 His
389 1001 563 1042 profligatis
585 1004 624 1033 ad
646 1002 832 1041 proferenda
862 1003 1039 1042 singulatim
1061 1003 1245 1034 elocutionis
1267 1003 1486 1034 Ciceronianae
1507 1003 1649 1050 exempla
1669 1004 1715 1034 ita.
1744 1012 1802 1035 nos
1822 1003 1943 1041 damus,

158 1045 198 1073 ut
219 1043 321 1073 exorsi
342 1052 362 1073 a
382 1052 453 1082 gen
463 1053 484 1074 u
493 1044 557 1074 ino
578 1044 607 1074 h.
624 1053 649 1074 e.
667 1044 723 1074 soli
738 1043 831 1075 verbo
853 1044 1049 1075 substantivo
1070 1044 1233 1075 subiuncto
1255 1044 1361 1074 dativo
1382 1045 1555 1083 possessivo
1577 1044 1723 1083 deinceps
1746 1045 1786 1075 de
1806 1044 1942 1075 dativo
1975 1049 1979 1053 “

162 1085 410 1116 necessario
436 1085 564 1116 adiun
577 1085 709 1123 gendo
738 1085 815 1116 illo
844 1085 1004 1125 quidem
1037 1086 1109 1117 sed
1141 1095 1224 1117 cum
1248 1086 1442 1117 universa
1463 1085 1588 1117 verbo
1610 1084 1881 1117 substantivo
1903 1089 1944 1117 et

162 1125 335 1157 substan
348 1127 436 1157 tivo
471 1127 608 1166 aliquo
640 1127 864 1158 relationis
900 1130 1115 1158 constante
1150 1128 1318 1158 notione
1355 1136 1499 1166 agamus,
1529 1128 1660 1167 denique
1689 1128 1729 1159 ad
1758 1127 1940 1158 dativum

162 1166 361 1198 liberiore
382 1176 427 1198 ac
449 1168 659 1199 solutiore
680 1169 840 1199 ratione
861 1168 1042 1207 positum
1063 1169 1361 1208 aggrediamur.

1035 1288 1074 1314 A.

165 1382 185 1412 d
206 1384 219 1413 t
310 1340 442 1372 Dativus
463 1342 657 1380 possessivus
673 1351 745 1380 gen
758 1352 776 1373 u
786 1342 797 1373 i
807 1352 825 1373 n
835 1352 879 1373 us
901 1345 950 1373 est
965 1342 995 1373 h.
1010 1352 1036 1373 e.
1052 1351 1113 1373 uno
1129 1342 1194 1373 solo
1208 1341 1302 1373 verbo
1318 1342 1510 1374 substantivo
1525 1342 1608 1374 verbi
1623 1342 1702 1374 finiti
1716 1343 1782 1374 vice
1796 1341 1943 1381 fungente

187 1392 204 1414 e
220 1382 398 1413 erminatus.

310 1465 333 1496 Ι.
366 1465 526 1497 Possessio
548 1469 595 1497 est
616 1466 818 1498 absoluta.

204 1509 235 1542 a)
259 1506 288 1537 Is
312 1507 366 1545 qui
388 1507 529 1545 possidet
549 1516 683 1546 persona
704 1511 751 1539 est
774 1509 839 1539 sive
862 1518 912 1539 res
933 1517 1084 1546 personae
1106 1509 1166 1539 vim
1190 1509 1355 1539 sustinens.

317 1548 348 1587 1)
370 1547 554 1580 Possidetur
575 1549 649 1580 item
671 1558 805 1588 persona
826 1558 924 1588 eaque

353 1590 387 1629 α)
408 1599 464 1629 per
486 1599 519 1622 se
540 1590 652 1629 posita.

310 1647 459 1686 Exempla
480 1650 553 1679 sunt
572 1649 774 1687 paucissima:

312 1688 360 1720 De
391 1691 469 1720 orat.
492 1689 524 1728 I,
556 1690 675 1728 234²):
727 1689 815 1726 Quod
844 1689 874 1720 in
905 1698 941 1719 ea
969 1692 1002 1719 tu
1033 1688 1102 1727 plus
1131 1697 1243 1727 operae
1271 1688 1445 1728 laborisque
1473 1698 1724 1729 consumpseras,
1754 1699 1847 1729 quum
1875 1690 1943 1721 eius

162 1730 257 1761 studii
288 1730 345 1761 tibi
366 1732 399 1761 et
419 1730 562 1762 hortator
584 1734 615 1762 et
636 1731 783 1770 magister
805 1733 886 1762 esset
907 1730 998 1769 domi,
1029 1730 1146 1761 veritus
1167 1739 1210 1768 eS,
1232 1731 1291 1761 nisi
1313 1731 1405 1761 istam
1428 1734 1524 1762 artem
1547 1732 1687 1763 oratione
1708 1740 1941 1771 exaggerasses‚

161 1781 199 1803 ne
228 1781 354 1811 operam
383 1772 581 1811 perdidisses.
625 1772 729 1812 Topic.
765 1773 819 1803 14:
868 1772 899 1803 Si
928 1772 972 1803 ita
1000 1771 1115 1802 Fabiae
1142 1772 1272 1810 pecunia
1301 1771 1405 1811 legata
1427 1775 1475 1803 est
1495 1782 1515 1803 a
1542 1772 1618 1811 viro,
1648 1773 1675 1804 si
1696 1773 1726 1804 ei
1754 1773 1821 1804 viro
1842 1776 1942 1804 mater

161 1812 296 1844 familias
335 1817 433 1852 esset,
478 1814 504 1844 si
543 1823 580 1845 ea
618 1814 648 1845 in
686 1823 807 1845 manum
842 1823 901 1844 non
940 1816 1139 1850 convenerat,
1178 1812 1255 1844 nihil
1294 1813 1429 1844 debetur.
1475 1831 1513 1835 —
1552 1814 1679 1845 Mancus
1718 1813 1818 1846 fertur
1853 1814 1941 1846 locus

161 1854 272 1885 Parad.
295 1854 349 1893 VI,
371 1855 421 1889 44.
454 1855 561 1886 Baiter
589 1856 782 1887 scribendum
805 1865 873 1887 esse
895 1858 1016 1887 censet:
1039 1855 1093 1893 ,‚si‚
1115 1858 1150 1885 ut
1171 1854 1267 1892 aiunt,
1288 1854 1397 1886 Danao
1419 1855 1641 1895 quinquaginta
1662 1856 1726 1887 sint
1744 1855 1862 1894 filiae“;
1888 1855 1941 1887 alii

161 1896 295 1927 habent:
318 1899 373 1935 „ut
394 1896 482 1927 aiunt
497 1896 659 1928 Danaum“
682 1898 735 1935 (sc.
752 1897 909 1936 habuisse)
930 1899 1055 1936 propter
1077 1905 1113 1927 ea
1134 1905 1213 1935 quae
1228 1897 1436 1935 praecedunt:
1467 1896 1576 1927 Filiam
1598 1897 1667 1936 quis
1685 1897 1787 1935 habet,
1808 1898 1942 1937 pecunia

161 1941 211 1969 est
231 1947 330 1977 opus;
352 1937 439 1975 duas,
462 1939 595 1976 maiore;
614 1938 721 1977 pluris,
743 1939 859 1970 maiore
882 1938 983 1970 etiam.

310 1979 430 2011 Ceteris
452 1979 512 2010 huc
533 1979 755 2019 quadrantibus
769 1980 846 2011 locis
866 1980 1006 2011 notiones
1021 1988 1099 2019 quae
1114 1982 1261 2009 vocantur
1283 1979 1533 2010 collectivae
1555 1979 1702 2017 leguntur
1722 1980 1798 2019 Rep.
1815 1979 1861 2019 -Π,
1883 1981 1941 2012 67:

162 2020 219 2051 Est
240 2020 298 2051 tibi
320 2029 357 2051 ex
380 2021 424 2051 eis
447 2021 534 2060 ipsis,
556 2021 609 2061 qui
631 2022 753 2059 adsunt,
775 2021 856 2052 bella
877 2022 1014 2060 copia,
1036 2020 1085 2051 vel
1106 2023 1141 2050 ut
1162 2029 1181 2050 a.
1202 2023 1234 2050 te
1255 2020 1323 2058 ipso
1346 2020 1478 2050 ordiare.
1517 2020 1638 2057 Quinct.
1660 2021 1697 2051 2:
1720 2020 1754 2051 P.
1768 2021 1942 2059 Quinctius,

160 2061 210 2092 cui
232 2063 342 2092 tenues
364 2071 449 2101 opes,
472 2062 575 2093 nullae
597 2061 771 2099 facultates,
786 2063 915 2102 exiguae
930 2062 1093 2093 amicorum
1118 2061 1263 2099 copiae
1285 2064 1365 2092 sunt.
1409 2061 1494 2091 Verr.
1518 2065 1577 2092 act.
1594 2061 1635 2099 ΙΙ,
1657 2061 1708 2092 111).
1729 2061 1755 2100 1,
1776 2063 1836 2093 97:
1874 2062 1942 2099 Quo

162 2111 201 2133 ex
222 2111 334 2141 genere
356 2103 432 2136 mihi
455 2103 592 2142 testium,
615 2103 668 2143 qui
690 2113 757 2135 cum
781 2104 841 2135 isto
856 2103 952 2135 furati
974 2106 1053 2141 sunt,
1075 2103 1158 2134 siuti
1172 2102 1346 2139 voluissem,
1368 2111 1479 2142 magna
1494 2103 1609 2142 copia
1629 2102 1749 2135 fuisset.
1770 2103 1857 2135 Fam.
1872 2103 1943 2143 XII,

163 2143 212 2182 13,
234 2144 273 2174 2:
317 2144 395 2176 Esse
427 2145 521 2176 etiam
552 2145 663 2176 debent
694 2146 726 2176 in
756 2145 913 2184 republica
941 2145 1078 2184 proxime
1108 2144 1164 2175 hos
1186 2144 1265 2181 cari,
1294 2144 1346 2182 qui
1378 2144 1550 2174 studiorum
1580 2147 1702 2175 tuorum
1725 2148 1797 2176 sunt
1820 2145 1944 2183 aemuli,

313 2254 341 2289 1)
364 2252 557 2282 Livianisehe
579 2253 701 2291 Syntax‚
723 2264 791 2291 pag.
808 2255 881 2290 118;
904 2253 942 2282 cf.
961 2253 1053 2282 Stolz-
1056 2252 1190 2282 Schmalz
1212 2252 1229 2280 1.
1246 2262 1277 2288 c.,
1302 2262 1330 2289 p.
1345 2252 1413 2289 425,
1435 2251 1609 2290 imprimis,
1611 2252 1813 2290 ,Lateinische
1828 2253 1944 2292 Syntax

160 2294 238 2322 nach
268 2294 326 2323 den
347 2294 556 2332 Vorlesungen
583 2295 659 2323 iiber
683 2295 859 2324 lateinische
876 2276 1220 2333 Sprachwissenschaft“
1252 2303 1307 2322 von
1329 2293 1451 2330 Reisig,
1480 2293 1536 2322 mit
1556 2293 1793 2332 Anmerkungen
1814 2306 1874 2324 von
1895 2296 1944 2325 Fr.

162 2334 270 2364 Haase
314 2336 340 2364 3.
363 2335 459 2374 Band,
481 2346 539 2365 neu
560 2336 728 2365 bearbeitet
749 2346 807 2365 von
829 2336 964 2365 Schmalz
985 2335 1046 2364 und
1068 2334 1229 2372 Landgraf,
1251 2335 1269 2372 ξ
1292 2335 1360 2363 372

311 2378 341 2414 2)
363 2378 399 2406 In
420 2378 580 2407 laudandis
601 2378 675 2407 locis
697 2378 794 2408 secuti
815 2389 917 2408 sumus
940 2378 971 2407 O.
992 2378 1025 2407 F.
1047 2378 1097 2407 W.
1119 2377 1256 2406 Muelleri
1278 2376 1370 2415 (Lips.
1393 2376 1517 2414 Teubn.)
1539 2377 1708 2407 editionem.

323 331 380 371 est'
393 333 521 367 verbum
549 335 784 374 „addictiouis“,
806 336 862 367 sed
890 336 1099 368 condicionem
1121 339 1277 368 statumve
1306 334 1473 376 significat,
1495 336 1528 367 id
1548 336 1632 376 quod
1652 336 1738 368 cadit
1757 337 1890 369 maxime
1910 337 1942 369 in
1986 360 1988 363 -
2027 364 2031 367 ,
2089 359 2091 361 -
2134 322 2161 366 ’ἷῗ
