2161 2676
769 193 1178 267 >squam-liberuniest
1197 223 1353 264 spatium,
1383 211 1516 255 multum
1536 206 1637 255 etiam
1653 227 1748 276 atque
1761 203 1965 259 mnesa-

378 299 524 346 fipus.3
550 302 619 336 Uno
638 303 705 336 loco
725 313 823 345 eoque
843 314 881 345 pr
922 305 967 337 rie
987 306 1114 345 ponitur
1133 306 1232 339 Tusc:
1245 306 1281 346 V,
1297 306 1359 338 ⁷73:
1403 307 1451 338 An
1474 306 1618 346 Epicuro,
1647 306 1703 345 qai
1721 305 1846 343 tautum
1867 305 1959 339 nodo
2001 308 2005 311 *

267 386 271 388 ,
293 350 458 391 pomonam
472 344 656 387 *philosophi
676 345 790 394 eit-sibi
811 313 958 386 ipseogoc
979 356 1086 379 nomen
1108 346 1274 388 inscripsit,
1293 347 1396 380 dicere
1418 347 1534 387 licebit,
1555 347 1636 387 quod
1656 347 1793 387 quiden,
1814 349 1850 380 ut
1864 346 1961 388 babet

307 389 486 421 ine-umen
506 386 673 426 plaudente
693 387 780 426 dicit,
799 387 918 419 nullum
938 388 1069 428 sapienti
1090 397 1158 420 esse
1179 392 1309 428 tempus,
1331 389 1452 421 etiamsi
1476 393 1593 426 uratur,
1609 391 1808 429 torqueatur,
1827 390 1959 427 ποιων,

147 431 248 472 ”quin
267 429 368 471 possit
388 428 578 460 exclamare:
620 427 743 467 „Quam
760 437 817 468 pro
839 428 934 461 nihilo
954 430 1068 469 putoF‘
1105 443 1107 445 ·
1492 446 1495 448 >
1670 441 1687 447 ⁷·

67 498 87 514 a
262 493 267 496 .
308 468 471 501 ‘Otium
505 468 612 501 Partit.
626 472 704 501 orat.
721 471 753 501 1:
785 469 913 508 Studeo,
934 471 1097 510 mipater,
1119 470 1228 502 Latine
1242 480 1279 502 ex
1295 475 1326 503 te
1339 472 1449 502 audire
1463 480 1509 509 ea,
1530 480 1611 512 quas
1631 470 1708 503 mihi
1730 472 1768 503 tu
1780 470 1823 502 de
1837 470 1957 503 mum

124 515 129 527 ³
176 511 299 544 dicendi
319 511 437 543 Graece
458 510 634 548 tradidisti;
654 511 681 542 si
703 511 793 542 modo
814 511 872 543 tibi
892 514 942 543 est
962 512 1059 543 otium
1081 515 1113 542 et
1134 512 1160 542 si
1182 512 1237 543 vis.
1283 513 1348 542 Λα.
1369 513 1393 550 Ι,
1417 513 1465 551 19,
1490 515 1528 544 1:
1572 512 1605 544 Si
1627 511 1703 543 milii
1725 512 1849 544 uatum
1869 515 1960 545 ‘eust

173 553 408 592 otii,1quantum
430 554 478 581 est
497 551 554 581 tibi
575 568 615 572 —
629 550 718 582 facile
733 555 764 582 te
778 560 966 590 superarem.
1001 552 1040 589 11,
1060 553 1091 590 3,
1106 552 1142 582 3.
1178 552 1238 583 Hic
1252 557 1325 582 sunt
1346 553 1435 583 haec:
1458 553 1629 584 coniunctio
1650 552 1868 590 mibisumna
1885 559 1956 584 enm

175 591 330 633 Pompeio,
356 591 384 624 si
406 591 516 631 placet,
545 592 638 623 etiam
671 600 739 625 cum
760 591 908 632 Caesare,
940 592 1058 624 reditus
1087 593 1118 623 in
1147 594 1279 632 gratiam
1311 601 1379 624 cum
1401 593 1541 632 inimicis,
1570 603 1632 633 pax
1659 602 1730 626 cum
1750 590 1960 631 mulum-s,

173 633 344 668 senectutis
357 633 462 665 otium.
493 633 606 672 (Aliter
620 634 658 665 ob
676 633 917 673 praedicativam
937 634 1083 665 adiectivi
1097 634 1158 665 vim
1174 634 1426 674 interpretandus
1440 638 1488 666 est
1509 635 1594 667 locus
1615 634 1718 668 Plano.
1740 635 1803 667 66:
1836 633 1957 676 Eeqdd

175 685 232 715 ego
253 675 355 706 dicam
376 676 417 707 de
438 675 597 713 occupatis
618 675 694 705 meis
716 674 917 714 temporibus,
938 676 987 706 cui
1008 674 1103 706 fuerit
1124 684 1162 706 ne
1183 676 1277 706 otium
1300 676 1425 714 quidem
1447 676 1580 707 otiosum
1588 677 1617 715 ?)

322 715 444 747 Mora.
488 715 577 747 Catil.
599 715 624 754 Ι,
645 715 685 747 9;
729 715 840 747 Dixisti
862 715 988 755 paulum
1010 715 1068 747 tibi
1089 724 1156 747 esse
1177 716 1271 747 etiam
1293 725 1373 748 nunc
1395 724 1509 755 morae,
1529 719 1613 756 quod
1632 725 1691 756 ego
1711 716 1855 748 viverem.
1886 723 1890 726 ·

319 765 376 805 ββ)
392 763 573 803 Notionibus
586 764 734 796 localibus
748 764 908 804 aptissime
922 765 1114 797 traducimur
1128 765 1169 797 ad
1190 774 1252 805 eas,
1274 774 1352 805 quae
1368 766 1558 797 motionis
1580 766 1611 797 in
1626 766 1694 805 ipso
1712 765 1824 805 spatio,
1837 765 1965 797 eundi-

174 806 366 847 potissimum
389 805 637 837 facultatem
658 806 805 837 indicant.

173 846 1957 936 .„...33ae‡2.3.÷..‘32‚0¹;.51³1.1.{gaissssfflgsssssi“eistettensiswem”ge

151 930 209 969 ,V,
231 930 287 962 20:
329 929 440 961 Nullus
461 929 566 960 aditus
596 933 665 964 erat
686 933 817 968 privato,
849 929 934 961 nulla
963 932 1131 969 aequitatis
1152 930 1335 970 deprecatio.
1373 929 1413 962 ὼ.
1436 930 1529 968 vm,
1559 931 1615 962 28:
1658 929 1717 962 Cui
1737 933 1845 969 portas
1865 929 1958 961 buius

115 994 118 997 >
171 971 256 1002 urbis
279 974 386 1009 patere
407 971 455 1001 ius
476 979 535 1010 non
557 973 644 1007 erat,
678 970 749 1002 huic
779 970 836 1001 hoc
857 971 1005 1010 templum
1028 971 1140 1010 patuit,
1171 971 1244 1002 huic
1265 972 1371 1002 aditus*
1390 972 1419 1002 in
1442 975 1582 1002 senatum
1605 971 1674 1002 fuit.
1715 970 1804 1002 Verr.
1819 970 1880 1010 -1v‚
1900 970 1959 1002 99:

171 1011 288 1042 Aditus
317 1012 348 1043 in
380 1011 414 1042 id
442 1011 610 1042 sacrarium
642 1019 699 1042 non
726 1015 779 1046 est
800 1012 884 1043 viris.
927 1011 963 1048 V,
984 1012 1039 1043 30:
1083 1012 1117 1042 In
1140 1021 1209 1043 enm
1231 1030 1272 1035 —
1294 1013 1395 1051 ipsum
1417 1012 1515 1044 locum
1538 1012 1643 1047 aditus
1663 1015 1733 1043 erat
1752 1012 1877 1049 nemini,
1898 1011 1957 1043 nisi

172 1052 226 1092 qui
248 1056 303 1083 aut
325 1052 427 1084 socius
447 1055 503 1083 aut
525 1052 663 1083 minister
683 1052 820 1083 libidinis
834 1061 902 1084 esse
915 1057 1028 1092 posset.
1059 1054 1124 1084 Att.
1140 1053 1210 1091 ΧΠ,
1231 1054 1282 1089 44,
1304 1053 1340 1084 2:
1371 1052 1487 1085 Perfice
1504 1053 1601 1092 igitur
1613 1053 1839 1091 aliquid,'quid
1852 1055 1957 1084 autem

16 1127 21 1129 Α
172 1092 267 1132 aliud,
296 1093 354 1124 nisi
383 1097 419 1124 ut
439 1093 544 1124 aditus
572 1092 615 1123 sit
643 1093 799 1131 emptori?
840 1093 1009 1131 (Recedere
1036 1097 1168 1132 apparet
1197 1094 1236 1124 ab
1267 1094 1374 1133 horum
1404 1094 1610 1133 exemplorum
1641 1093 1856 1132 similitudine,
1885 1101 1954 1124 cum

0 1133 21 1163 *⁴5³
106 1129 119 1141 '
172 1133 357 1165 adiectivum
395 1133 633 1176 praedicamenti
647 1133 762 1165 ‘locum
802 1133 974 1172 obtineat„
995 1134 1051 1165 hos
1086 1134 1187 1166 locos:
1236 1134 1313 1166 Mur.
1350 1135 1403 1166 14:
1457 1135 1525 1173 Quo
1554 1134 1724 1166 constituto
1753 1133 1875 1166 facilior
1905 1137 1955 1166 ut

172 1174 246 1206 mibi
274 1175 380 1207 aditus
407 1176 448 1206 ad
480 1175 704 1207 contentionem
733 1175 911 1214 dignitatis,
940 1184 1020 1215 quae
1050 1184 1122 1215 pars
1153 1175 1251 1207 altera
1282 1175 1342 1207 fuit
1362 1176 1577 1208 accusationis.
1621 1176 1686 1210 Att.
1707 1175 1761 1213 lx,
1782 1176 1813 1214 8,
1837 1176 1870 1208 1:
1895 1175 1954 1207 Ἀᾱ

171 1217 213 1253 id,
234 1216 316 1255 quod
338 1215 484 1254 delibero,
512 1217 662 1255 pertinet,
693 1217 720 1247 si
742 1216 792 1247 ille
814 1220 899 1247 certe
920 1225 1069 1255 nusquam
1091 1217 1250 1255 discessit,
1279 1217 1458 1256 intellegere
1490 1217 1629 1248 Gnaeum
1658 1225 1719 1247 non
1749 1225 1818 1248 esse
1847 1215 1956 1248 faciles

172 1256 258 1298 nobis
285 1266 323 1288 ex
351 1256 443 1288 Italia
470 1257 584 1296 exitus,
611 1265 705 1296 quum
735 1266 773 1288 ea
796 1261 862 1288 tota
892 1257 987 1288 armis
1008 1257 1232 1297 praesidiisque
1254 1261 1412 1296 teneatur,
1444 1258 1546 1291 hieme
1565 1257 1757 1297 praesertim.
1803 1257 1870 1299 Dei.
1893 1257 1954 1289 24:

171 1297 330 1337 speravit,
361 1298 469 1336 credo,
502 1297 646 1329 difficiles
675 1297 732 1329 tibi
762 1297 967 1330 Alexandriae
999 1298 1065 1330 fore
1096 1299 1197 1330 exitus
1226 1302 1355 1338 propter
1385 1299 1543 1338 regionum
1574 1302 1716 1330 naturam
1746 1302 1780 1330 et
1810 1297 1954 1330 fluminis.

171 1339 254 1371 Lael.
287 1339 342 1371 14:
390 1338 447 1371 Cui
477 1348 635 1379 censemus
663 1347 785 1370 cursum
818 1340 857 1370 ad
886 1339 961 1371 deos
990 1339 1158 1371 faciliorem
1186 1339 1282 1371 fuisse
1311 1349 1403 1379 quam
1434 1340 1595 1379 Scipioni?
1645 1340 1731 1371 Fam.
1764 1339 1831 1377 111,
1858 1339 1889 1377 2,
1917 1340 1955 1371 2:

171 1379 203 1411 Si
232 1380 420 1420 provinciam
450 1397 490 1402 —
518 1388 609 1419 quam
640 1380 901 1419 expeditissimam
933 1379 1009 1411 mihi
1038 1380 1220 1419 tradideris,
1249 1379 1368 1412 facilior
1396 1381 1456 1412 erit
1492 1381 1567 1412 mihi
1596 1381 1687 1419 quasi
1716 1380 1865 1412 decursus
1895 1380 1956 1412 mei

171 1421 327 1461 temporis.
371 1420 450 1453 Phil.
479 1421 567 1460 XIV,
600 1421 657 1452 17:
709 1421 841 1459 Magnus
872 1424 921 1453 est
952 1421 981 1452 in
1016 1430 1050 1453 re
1079 1421 1203 1460 publica
1234 1430 1378 1461 campus,
1410 1440 1450 1445 —
1483 1422 1589 1453 multis
1616 1424 1746 1461 apertus
1774 1429 1884 1453 cursus
1914 1421 1955 1453 ad

170 1462 303 1493 laudem.
340 1464 425 1494 Aem.
446 1461 493 1493 Sc.
514 1462 575 1494 31:
604 1461 735 1493 Facilem
751 1461 810 1493 sibi
830 1461 897 1493 fore
918 1462 949 1493 in
963 1463 1097 1501 gratiam
1119 1463 1254 1494 reditum
1269 1463 1490 1494 arbitrabatur.
1532 1462 1599 1494 Mil.
1622 1462 1700 1493 103:
1743 1461 1849 1494 Nolite
1867 1470 1960 1497 aoeh

170 1502 286 1535 biorem
315 1503 391 1535 mihi
420 1503 486 1542 pati
515 1503 649 1534 reditum
677 1511 763 1541 esse,
790 1511 883 1542 quam
911 1501 1006 1534 fuerit
1031 1502 1084 1535 ille
1112 1503 1179 1543 ipse
1209 1503 1372 1535 discessus.
1417 1504 1541 1543 Fragm.
1570 1503 1650 1542 phil.
1674 1503 1711 1534 F.
1733 1503 1773 1541 V,
1803 1503 1860 1535 97:
1902 1502 1954 1535 Sic

169 1544 407 1576 existimandum
436 1547 484 1576 est
505 1562 545 1566 -
567 1543 624 1576 hoc
653 1543 691 1575 iis
711 1543 878 1575 faciliorem
898 1544 1080 1576 adscensum
1112 1547 1144 1576 et
1165 1545 1298 1576 reditum
1319 1545 1350 1576 in
1374 1545 1491 1577 caelum
1510 1544 1604 1584 fore.)
1625 1561 1666 1567 —
1687 1543 1843 1584 Singulari
1865 1544 1957 1576 modo

169 1584 424 1626 significationem
445 1585 543 1625 ipsius
564 1584 723 1617 facultatis
743 1584 860 1625 aliquid
887 1584 1020 1617 faciendi
1042 1585 1159 1617 induit:
1202 1585 1286 1618 Fam.
1310 1586 1361 1624 VI,
1385 1586 1433 1625 10,
1455 1586 1493 1618 2:
1536 1586 1569 1618 Si
1597 1585 1650 1625 qui
1672 1585 1749 1617 mihi
1769 1585 1831 1618 erit
1850 1585 1956 1618 aditus

169 1627 209 1659 de
239 1627 302 1658 tuis
330 1626 472 1666 fortunis,
501 1626 534 1658 id
564 1629 612 1658 est
640 1626 679 1657 de
708 1629 762 1658 tua
789 1625 1008 1665 incolumitate,
1037 1627 1068 1658 in
1097 1635 1160 1666 qua
1181 1629 1253 1658 sunt
1277 1628 1396 1665 omnia,
1424 1627 1538 1666 agendi
1558 1643 1600 1649 -
1619 1635 1712 1666 agam
1740 1635 1797 1666 per
1817 1635 1866 1658 me
1886 1626 1955 1666 ipsc

169 1671 202 1699 et
223 1668 340 1699 moliar.
364 1685 402 1690 —
424 1668 555 1699 Dativus
585 1668 673 1699 deest
702 1667 789 1698 Verr.
810 1667 874 1704 111,
909 1667 983 1698 159:
1025 1667 1092 1698 Non
1121 1668 1163 1698 ad
1192 1676 1297 1698 omnes
1325 1671 1503 1707 praetorum
1533 1667 1613 1699 filios
1641 1668 1723 1698 idem
1745 1667 1852 1698 aditus
1872 1669 1955 1699 sunt.

169 1708 217 1741 De
238 1708 317 1741 offic.
339 1709 363 1749 I,
385 1710 421 1741 6:
445 1727 482 1731 —
505 1712 540 1740 ut
561 1709 602 1740 ad
623 1707 716 1741 officii
737 1708 940 1740 inventionem
963 1708 1066 1740 aditus
1088 1712 1176 1740 esset.
1922 1746 1928 1752 ο

319 1750 508 1782 Reditus.
551 1750 670 1783 Cluent.
694 1749 770 1781 119:
813 1749 930 1788 Quodsi
951 1749 1028 1781 illud
1044 1749 1190 1781 iudicium
1213 1753 1387 1789 putaretur,
1407 1753 1443 1781 ut
1463 1750 1559 1781 ceteri
1576 1749 1658 1789 turpi
1680 1749 1794 1781 iudicio
1815 1749 1953 1781 damnati

169 1792 201 1822 in
216 1796 401 1831 perpetuum
415 1791 498 1823 omni
513 1791 626 1822 honore
640 1800 677 1823 ac
691 1790 843 1830 dignitate
856 1791 1027 1830 privantur,
1041 1790 1086 1822 sic
1106 1790 1279 1822 hominibus
1301 1790 1467 1829 ignominia
1488 1790 1604 1822 notatis
1626 1798 1724 1829 neque
1743 1790 1785 1821 ad
1807 1789 1952 1821 honorem

169 1833 274 1864 aditus
296 1841 391 1872 neque
413 1833 443 1864 in
466 1833 581 1864 curiam
604 1832 722 1864 reditus
742 1835 832 1864 esset.
875 1831 952 1864 Sest.
973 1831 1031 1863 30:
1074 1832 1175 1870 Atque
1196 1831 1258 1863 iilis
1281 1835 1347 1862 tum
1368 1835 1438 1863 erat
1459 1831 1580 1863 reditus
1601 1831 1632 1862 in
1654 1839 1728 1862 suas
1747 1830 1891 1863 civitates
1909 1831 1952 1862 ad

170 1882 243 1906 suos
265 1875 361 1906 Lares
382 1873 552 1913 familiaris,
574 1878 607 1905 et
626 1874 657 1905 in
680 1873 732 1904 illo
755 1873 905 1905 communi
926 1873 1115 1904 incommodo
1137 1872 1220 1904 nulla
1247 1873 1278 1904 iu
1300 1881 1484 1912 quemquam
1514 1873 1644 1911 propria
1669 1871 1836 1912 ignominia
1855 1872 1953 1904 uomi-

171 1915 266 1946 natim
297 1914 435 1947 cadebat.
478 1916 543 1947 Att.
565 1915 606 1953 11,
627 1915 657 1953 3,
678 1916 714 1946 3:
758 1914 817 1946 Hic
837 1919 909 1945 sunt
930 1914 1023 1945 haec:
1055 1914 1227 1945 coniunctio
1249 1913 1322 1945 mihi
1351 1922 1472 1945 summa
1493 1921 1562 1944 cum
1591 1913 1755 1952 Pompeio,
1785 1913 1811 1944 si
1841 1911 1953 1952 placet,

0 1956 28 1978 ⁹4
170 1956 263 1987 etiam
278 1965 346 1988 cum
364 1955 497 1988 Caesare
529 1957 648 1988 reditus
662 1956 694 1986 in
708 1956 840 1995 gratiam
856 1964 923 1987 cum
939 1955 1077 1996 inimicis,
1099 1964 1158 1993 pax
1179 1964 1247 1986 cum
1269 1954 1476 1993 multitudine,
1498 1954 1668 1986 senectutis
1681 1953 1788 1985 otium.
1817 1954 1883 1985 Διῒ.
1897 1953 1952 1993 xl,
1979 1977 1982 1980 .

171 1997 219 2036 15,
243 1998 278 2030 l:
322 1997 420 2030 Video
441 1981 566 2031 difficile
588 2006 654 2030 esse
675 1997 843 2037 consilium,
865 2005 933 2029 sum
955 1997 1034 2029 enim
1056 1996 1139 2028 solus
1159 2000 1214 2028 aut
1236 2005 1303 2028 cum
1323 1995 1438 2034 altero,
1466 1995 1515 2028 cui
1545 2004 1642 2036 neque
1670 1995 1711 2028 ad
1740 1994 1811 2028 illos
1832 1994 1953 2028 reditus

171 2039 214 2070 sit
235 2048 332 2077 neque
354 2039 393 2070 ab
415 2039 464 2070 his
484 2039 560 2078 ipsis
581 2039 748 2079 quidquam
771 2040 811 2069 ad
832 2047 917 2077 spem
938 2039 1123 2069 ostendatur.
1869 2055 1871 2058 <

318 2089 370 2127 77)
390 2088 499 2120 Nescio
520 2097 559 2119 an
581 2089 688 2119 eodem
709 2087 887 2118 referendae
907 2087 971 2118 siut
991 2087 1127 2118 notiones
1148 2086 1188 2117 ad
1210 2086 1270 2116 vim
1292 2089 1465 2117 concretam
1487 2094 1581 2124 prope
1601 2085 1801 2116 accedentes:

320 2128 510 2161 Latebra.
553 2128 643 2161 Cael.
664 2128 721 2161 62:
758 2128 820 2160 Cur
852 2128 932 2159 enim
961 2128 1152 2166 potissimum
1181 2126 1307 2158 balneas
1335 2125 1475 2166 publicas
1503 2126 1730 2157 constituerat?
1771 2125 1806 2157 In
1839 2126 1953 2166 quibus

171 2178 229 2200 non
251 2169 373 2201 invenio
395 2179 474 2210 quae
496 2171 617 2202 latebra
638 2170 754 2208 togatis
775 2169 948 2201 hominibus
969 2178 1037 2200 esse
1057 2172 1170 2208 posset.

321 2296 349 2331 1)
372 2294 472 2323 Verba
493 2294 579 2323 finita
601 2294 692 2323 verbo
714 2293 904 2323 substantivo
933 2292 980 2321 his
1009 2298 1039 2322 et
1067 2292 1213 2321 similibus
1244 2291 1412 2320 nominibus
1435 2290 1577 2320 adiuncto
1598 2290 1783 2329 respondere
1805 2292 1954 2321 censenda

172 2339 241 2363 sunt
264 2335 355 2364 haee:
379 2336 519 2373 ,‚Patere“
534 2335 608 2373 Rep.
623 2335 676 2373 VI,
700 2336 745 2364 15.
775 2335 863 2364 Tusc.
877 2334 901 2371 Ι,
925 2335 970 2363 72.
992 2334 1076 2363 Verr.
1091 2334 1131 2371 IL
1154 2334 1180 2362 3.
1209 2333 1272 2361 Att.
1287 2333 1325 2369 X,
1349 2333 1422 2369 12b,
1446 2334 1472 2361 2.
1504 2332 1584 2361 Oa'el.
1606 2334 1633 2362 8.
1656 2332 1723 2362 Dei.
1740 2334 1786 2361 11.
1808 2333 1889 2362 Lael.
1908 2333 1954 2362 13.

171 2376 332 2413 „relinqui“
356 2377 442 2406 Font.
465 2378 513 2407 20.
544 2377 642 2414 „dari“
663 2376 731 2406 Div.
754 2376 777 2414 1,
800 2377 847 2405 68.
869 2375 917 2412 (cf.
940 2376 1055 2413 „aditus
1077 2375 1135 2404 sibi
1157 2376 1343 2413 comparare“
1365 2375 1428 2402 Att.
1450 2373 1490 2410 II,
1516 2374 1561 2411 17,
1586 2376 1623 2411 1).

1734 2424 1753 2452 3
