2161 2676
14 58 28 85 r«-
0 0 41 44 52³3

50 48 57 53 ι
62 38 67 43 ἡ
46 0 72 33 η

71 39 83 45 f
73 21 83 29 z
74 0 85 12 Q

121 1430 124 1434 .
145 1406 234 1437 nobis
257 1406 381 1445 quidem
405 1408 493 1436 extra
515 1415 636 1437 omnem
659 1405 862 1437 dubitationis
884 1407 982 1437 aleam
1005 1407 1141 1445 positum
1164 1407 1294 1437 videtur.

296 159 339 193 At
358 159 431 192 huic
452 159 547 193 realis
566 160 775 201 possessionis
797 160 1024 201 praedicationi
1045 160 1306 203 vixsufl'ngetur
1369 175 1393 204 μ

143 202 361 243 amplexantur
383 201 577 274 exemplum:
621 201 735 235 Croeso
756 203 819 235 duo
851 205 941 235 erant
969 201 1037 235 filii.
1078 203 1254 243 Enimvero,
1274 202 1420 244 quonism
1444 243 1448 245 μ
1492 243 1498 249 ¹

144 243 267 283 plorum
281 252 394 283 penum
408 243 441 274 in
456 242 481 274 li
501 243 546 274 ris
567 253 663 283 supra
683 244 849 275 nominatis
870 243 1009 275 oblatum
1031 244 1204 276 iustissima
1224 252 1321 276 causa
1341 247 1391 276 est
1429 243 1513 276 πού
1573 276 1584 279 7,
1606 275 1609 281 ,

145 285 308 326 quisquam
324 284 500 324 reperiatur
512 285 793 324 grammaticorum,
814 284 888 325 quin
903 284 1081 317 huiusmodi
1096 285 1293 318 commentis:
1311 287 1361 318 est
1406 285 1413 292 ⁸
1438 285 1446 292 '
1464 284 1607 326 domus,

144 326 284 358 dativum
295 334 364 358 cum
374 325 468 358 verbo
478 325 674 358 substantivo
686 325 862 366 copulatum
877 327 919 358 ad
933 327 1161 366 possessionem
1169 325 1403 368 significandam
1413 326 1668 367 quamlaflssin·
1806 368 1809 370 .
1886 363 1897 367 ,p
1920 362 1926 365 ,

147 367 281 399 efficere.
334 367 517 399 Structurae
549 368 577 399 si
610 371 673 398 tam
703 368 806 406 ampla
835 370 871 398 ut
900 372 1083 399 asseverant
1109 368 1161 400 vis
1188 368 1336 413 subiecta,
1358 371 1458 406 esset,
1488 376 1581 408 quam
1623 367 1808 409 uiden,‘'·
1822 372 1855 411 ff*
1885 369 1888 371 ’
1926 367 1930 371 “

273 409 353 440 ionis
373 407 469 440 realis
491 408 651 447 angustias
673 411 846 448 cogeretur,
869 418 995 440 manere
1009 410 1206 449 perspicuum
1228 412 1483 449 esset,numerus
1498 417 1608 448 exemp
1619 416 1708 441 erum
1722 417 1803 450 quae
1821 416 1845 442 a

145 449 290 491 ptoribus
324 450 389 491 peti
420 453 548 490 possent
569 449 680 490 ingens
710 453 793 482 esset
814 459 851 483 ac
873 460 971 491 paene
998 449 1148 484 infinitus.
1192 449 1401 491 Haberemus,
1431 450 1459 483 si
1479 449 1539 483 hoc
1559 450 1605 483 ita
1626 453 1720 492 esset,
1750 452 1833 493 quod

145 493 286 533 quemvis
307 492 542 538 grammaticum
565 492 752 532 peculiarem
775 493 929 533 quendam
951 503 989 525 ex
1004 494 1139 525 omnium
1154 493 1345 525 abundantia
1366 496 1399 525 et
1420 493 1509 533 copia
1523 492 1712 526 delectorum
1726 494 1938 535 exemplorum

145 543 308 566 numerum
329 534 390 574 legi
411 537 514 574 atque,
536 534 568 564 id
590 535 673 573 quod
689 535 904 573 gravissimum
927 539 984 574 est,
1006 534 1226 567 Ciceronianae
1248 535 1398 575 imprimis
1420 534 1604 567 elocutionis
1626 535 1778 568 rationem
1799 535 1938 569 habitam

145 585 216 609 esse
237 584 443 616 speraremus.
487 575 568 612 Quid
590 576 689 607 vero‘?
731 575 838 617 Neque
860 577 898 608 ab
921 576 979 608 hac
1001 586 1100 617 neque
1130 577 1169 608 ab
1200 577 1255 609 illa
1275 580 1365 617 parte
1394 576 1451 608 tali
1478 576 1544 616 spei
1567 575 1714 609 satisfieri
1735 575 1928 618 affirmamus
2054 617 2055 620 Ἴ

146 618 283 649 Primum
306 617 396 655 enim,
424 617 452 648 si
473 618 564 648 modo
586 617 625 649 de
654 618 864 657 exemplorum
896 618 1036 650 thesauri
1067 619 1271 658 amplitudine
1303 619 1466 658 cogitetur,
1498 618 1716 657 grammaticos
1746 627 1814 651 eam
1836 622 1939 652 tectae
1988 624 2021 661 ’ἦ

148 660 308 692 cuiusdam
331 658 535 690 mutuationis
557 667 594 690 ac
615 659 654 690 de
677 659 785 691 alienis
807 659 1008 691 facultatibus
1030 669 1087 691 sua
1109 661 1240 699 augendi
1269 660 1421 691 rationem
1450 659 1510 691 sibi
1531 660 1710 699 permisisse
1738 659 1938 693 manifestum
1964 675 1967 677 >
1985 685 1992 690 .
2006 660 2063 702 ’.ᾗ-’1

146 703 204 739 est,
226 710 306 740 quae
328 698 457 731 mirifice
477 699 646 732 abhorreat
667 710 686 732 a
708 710 827 732 summo
849 700 902 731 illo
924 700 1026 732 officio
1048 701 1124 732 nihil
1146 702 1206 733 nisi
1227 710 1306 741 quae
1326 701 1394 741 ipse
1417 700 1630 733 observaveris
1662 704 1755 741 atque
1776 701 1938 743 collegeris
1974 721 1979 724 -

147 742 189 773 ad
209 742 324 773 librum
345 741 582 781 grammaticum
605 743 780 782 augendum
803 741 988 774 conferendi.
1022 742 1112 779 Quod
1133 742 1268 774 officium
1292 751 1359 774 cum
1374 743 1466 782 pauci
1480 746 1516 774 ut
1531 742 1722 774 Schmalzius
1737 744 1938 782 servaverint,
1977 757 1981 759 >
2015 754 2018 757 ·

147 786 268 815 ceteros
297 786 401 814 tamen
430 782 537 814 labore
568 787 600 814 et
632 784 828 818 contentione
859 792 893 814 se
924 783 1055 824 fregisse
1087 793 1177 815 nemo
1210 785 1384 824 reperiatur
1416 784 1469 824 qui
1502 784 1677 816 contendat.
1734 784 1833 816 Immo
1863 793 1938 817 vero

145 825 314 858 thesaurus
336 825 461 865 quidam
484 828 587 857 certus
609 835 645 857 ac
667 824 812 858 definitus
835 826 1000 857 eorundem
1023 825 1232 865 exemplorum
1253 826 1408 866 plerisque
1438 825 1504 859 fere
1525 826 1637 858 adrisit
1657 826 1703 858 ita
1724 827 1938 860 tantummodo
1969 862 1971 864 ,
2003 846 2050 867 -ῑς-

145 867 228 898 inter
242 876 276 899 se
291 866 523 905 dissidentibus,
539 869 583 905 ut,
599 876 797 906 quaecunque
812 867 985 898 hereditate
1000 867 1054 898 illa
1066 867 1240 898 cavillanda
1255 871 1384 906 accepta
1405 870 1486 905 sunt,
1500 868 1613 907 partim
1628 868 1753 907 parcius
1767 867 1937 907 proferant,
1976 880 1979 883 ·
2003 868 2050 903 j
2112 900 2114 902 ,

145 909 261 948 partim
283 908 453 947 prodigius.
484 908 586 947 Atque
608 907 685 938 adeo
706 909 747 938 ad
769 908 939 939 cantilenas
960 909 1184 939 consuetudine
1205 909 1368 939 diuturnas
1391 911 1501 947 suopte
1523 909 1614 940 modo
1632 908 1843 940 decantandas
1886 911 1943 940 rod
2012 910 2049 950 5
2109 911 2129 941 ..2'

146 950 242 982 clives
264 959 298 981 se
319 947 480 989 praebent,
502 952 537 980 ut
558 949 605 980 vel
621 958 748 989 eaquae
770 950 852 981 ultro
874 958 910 981 ac
932 952 1041 989 sponte
1063 949 1218 982 finxerunt
1239 950 1424 990 superiores,
1447 951 1635 990 posteriores
1657 950 1818 991 accipiant.
1888 949 1938 983 ale
2023 961 2027 964 ’

146 991 322 1030 exemplum
358 990 451 1030 quale
484 994 549 1021 est:
585 994 634 1022 est
670 991 745 1021 mihi
775 992 869 1022 timor
905 992 1062 1030 (Kriiger,
1097 991 1403 1030 Billroth-Ellendt‚
1441 992 1574 1031 Berger,
1611 992 1937 1031 Lattmann-Malla)

145 1033 207 1064 iam
229 1031 475 1072 perstrinximus.
521 1032 563 1063 At
592 1031 667 1063 ferri
688 1032 739 1063 vix
761 1034 893 1072 possunt
914 1041 994 1072 quae
1016 1033 1111 1064 etiam
1141 1033 1298 1073 etiamque
1319 1035 1484 1065 occurrunt
1505 1032 1641 1073 ineptiae
1670 1033 1744 1065 hae:
1774 1033 1842 1075 regi
1862 1041 1939 1074 ager

145 1077 204 1114 est,
225 1074 309 1115 patri
330 1074 441 1105 domus
463 1076 521 1112 est,
544 1073 634 1113 aliae,
657 1084 787 1114 quarum
809 1075 941 1114 primum
971 1075 1073 1107 locum
1096 1075 1217 1107 obtinet
1237 1074 1388 1107 insulsum
1417 1074 1495 1107 illud
1516 1085 1536 1107 a
1558 1074 1712 1108 Schellero
1735 1078 1767 1108 et
1788 1075 1938 1117 Dei-ingio

145 1116 256 1155 (1813)
277 1116 309 1146 in
330 1116 430 1147 lucem
453 1116 616 1154 prolatum,
639 1116 675 1147 G.
699 1116 731 1146 F.
754 1116 955 1148 Grotefendio
977 1120 1104 1148 auctore
1125 1117 1235 1155 (1820)
1258 1117 1512 1148 disseminatum:
1543 1120 1592 1148 est
1621 1117 1697 1148 mihi
1717 1117 1797 1149 liber
1817 1127 1841 1149 s.
1864 1120 1939 1149 sunt

145 1157 235 1188 nobis
255 1156 337 1194 libri,
367 1156 415 1187 ita
436 1157 651 1187 tantummodo
673 1160 838 1195 mutatum,
868 1161 904 1188 ut
932 1157 1072 1188 dicatur:
1100 1161 1172 1189 sunt
1200 1157 1276 1188 mihi
1306 1158 1395 1188 multi
1427 1158 1496 1188 libri
1526 1158 1575 1196 (O.
1598 1157 1720 1196 Schulz,
1754 1168 1782 1189 v.
1804 1157 1938 1198 Gruber,

145 1197 279 1238 Gallien,
301 1197 430 1238 Berger,
453 1198 580 1238 Zumpt)
593 1197 631 1237 ¹).

296 1239 358 1271 Sed
372 1239 449 1272 haec
463 1240 589 1271 leviora.
625 1240 707 1272 Illud
718 1240 814 1272 multo
835 1241 974 1280 gravius,
994 1242 1076 1280 quod
1098 1242 1130 1272 in
1152 1242 1288 1280 ipsorum
1305 1241 1490 1280 scriptorum
1505 1240 1581 1273 locis
1596 1242 1745 1280 ponendis
1767 1241 1938 1281 superioris

145 1282 259 1313 aetatis
280 1281 499 1321 grammaticos
521 1281 660 1321 vestigiis
682 1282 837 1321 persecuti
859 1285 939 1313 sunt.
971 1282 1061 1319 Quod
1083 1285 1190 1313 nostro
1212 1291 1267 1313 nos
1289 1283 1357 1313 iure
1378 1282 1515 1313 iudicare
1536 1283 1580 1314 ita
1596 1283 1782 1321 evincamus,
1804 1285 1840 1314 ut
1861 1283 1938 1314 trita

145 1323 288 1363 exempla
308 1331 370 1354 uno
392 1322 423 1353 in
447 1325 616 1363 conspectu
638 1326 853 1363 proponantur
875 1324 1084 1362 grammaticis
1106 1324 1198 1356 simul
1220 1323 1385 1355 nominatis
1406 1324 1574 1364 ordineque
1595 1323 1744 1356 historico
1761 1323 1935 1356 observato.

146 1365 215 1402 Qua
237 1365 358 1397 ratione
380 1364 453 1404 quin
476 1364 605 1396 multum
628 1366 660 1396 in
687 1365 806 1397 meritis
828 1366 1098 1405 grammaticorum
1129 1366 1187 1397 hoc
1209 1368 1294 1397 certe
1322 1366 1353 1396 in
1375 1374 1488 1405 genere
1509 1366 1722 1397 examinandis
1743 1366 1936 1405 adiuvemur,

1545 236 1609 253 rw>-
1622 238 1707 257 (Ἣ.
1738 238 1751 244 ,,

297 1446 328 1485 1)
349 1446 475 1477 Homini
496 1455 565 1477 cum
588 1447 647 1478 deo
669 1446 838 1478 similitudo
861 1450 910 1478 est
924 1447 999 1485 (Cic.
1014 1447 1087 1487 Leg.
1104 1447 1128 1486 I,
1150 1447 1221 1483 25):
1252 1446 1423 1485 Broder,
1446 1446 1682 1486 Ramshorn,
1706 1446 1936 1486 Weissenborn,

145 1488 278 1527 Krflger,
299 1487 412 1519 Ferd.
436 1487 621 1527 Schultz,
644 1487 836 1528 Meiring,
868 1488 1045 1529 Madvig,
1077 1489 1204 1528 Menge‚
1235 1487 1370 1528 Berger,
1399 1487 1514 1527 Silpfle,
1537 1487 1937 1528 Schottmtlller·Putsche,

145 1528 354 1577 Seyffert,
384 1528 524 1577 Gossrau
555 1530 652 1577 (apud
680 1539 743 1567 eos,
773 1539 902 1569 quorum
924 1531 1047 1561 nomina
1076 1530 1176 1561 literis
1207 1530 1300 1561 latius
1331 1530 1492 1569 dispositis
1515 1533 1625 1561 notata
1647 1534 1728 1569 sunt,
1762 1530 1935 1569 exemplum

144 1581 165 1611 p
177 1580 212 1602 n
223 1580 328 1652 mugl)
345 1573 590 1651 gssmgztioffi
610 1570 712 1644 ἓξὲξ
721 1571 878 1652 ρζῖἓέεῗίξ
894 1616 951 1651 est,
974 1616 1010 1644 ut
1027 1612 1103 1644 nihil
1126 1615 1214 1652 optet
1228 1612 1362 1652 amplius
1383 1612 1458 1651 (Cic.
1475 1612 1585 1644 Parad.
1602 1612 1655 1651 VI,
1680 1613 1728 1652 1):
1760 1612 1864 1645 Brea
1875 1622 1936 1652 er,

146 1654 390 1693 Ramshorn,
414 1654 641 1693 Weissenborn,
663 1655 698 1686 O.
722 1654 857 1694 Schultz,
881 1654 1022 1694 Meiring,
1046 1654 1171 1694 Berger,
1196 1653 1576 1687 Schottmilller-Putsche.

296 1696 330 1734 3)
352 1695 420 1732 Quo
450 1696 552 1727 minus
574 1696 701 1727 honoris
730 1700 798 1727 erat
826 1697 937 1735 poetis,
969 1706 1005 1727 eo
1033 1697 1153 1727 minora
1182 1696 1287 1727 studia
1308 1696 1434 1727 fuerunt
1454 1696 1532 1735 (Cic.
1554 1697 1643 1728 Tusc.
1666 1697 1691 1736 Ι,
1712 1697 1763 1736 3);
1807 1696 1936 1736 Briider,

147 1737 332 1777 Ramshorn‚
354 1736 494 1769 Kuhner.

294 1779 329 1816 4)
360 1779 503 1810 Omnium
534 1780 718 1810 societatum
748 1779 832 1810 nulla
868 1782 917 1811 est
944 1780 1068 1819 gravior
1097 1789 1188 1819 quam
1218 1789 1256 1811 ea
1286 1789 1364 1820 quae
1403 1788 1472 1812 cum
1501 1780 1659 1820 republica
1687 1783 1736 1812 est
1773 1780 1937 1820 unicuique

148 1823 289 1852 nostrum
312 1819 390 1858 (Cic.
412 1819 470 1851 Off.
492 1821 516 1859 I,
538 1821 613 1859 57):
657 1820 787 1858 Broder,
810 1821 900 1851 Ferd.
924 1821 1058 1858 Schultz,
1080 1821 1221 1860 Meiring.

144 1902 172 1934 G
211 1901 258 1934 Μ
294 1861 329 1933 2)
350 1860 443 1892 Nulla
463 1864 567 1900 potest
587 1870 657 1892 esse
677 1861 831 1900 voluptati
853 1870 922 1893 cum
944 1861 1108 1893 honestate
1130 1861 1305 1893 coniunctio
1327 1861 1402 1901 (Cic.
1420 1861 1477 1893 Off.
1493 1861 1550 1901 111,
1574 1861 1666 1902 120):
1688 1861 1818 1902 Briider,
1840 1861 1878 1893 Gr.
1901 1862 1935 1894 F.

174 1912 209 1934 ro
255 1911 293 1934 en
319 1927 325 1933 .

270 1974 273 1976 ,
293 1944 328 1982 6)
348 1943 415 1974 Iam
431 1943 551 1974 Troicis
566 1942 758 1982 temporibus
780 1947 847 1974 erat
868 1943 966 1974 honos
982 1943 1175 1983 eloquentiae
1198 1944 1299 1982 (locus
1321 1946 1372 1975 est
1392 1944 1537 1975 nimirum
1552 1944 1710 1976 Ciceronis
1731 1944 1778 1975 ita
1798 1946 1937 1976 mutatus

143 1988 178 2016 ut
199 1993 255 2024 per
276 1993 311 2016 se
333 1984 538 2023 intelligatur.
581 1984 654 2023 Ipse
675 1986 837 2016 contextus
859 1984 908 2015 hic
930 1984 1045 2025 legitur
1066 1985 1153 2016 Brut.
1176 1986 1235 2017 40:
1279 1984 1387 2024 Neque
1413 1985 1494 2016 enim
1520 1986 1582 2016 iam
1604 1985 1723 2017 Troicis
1745 1984 1937 2025 temporibus
1978 2006 1980 2008 -
2028 1988 2032 1989 ⁷

144 2029 265 2057 tantum
287 2025 390 2057 laudis
412 2026 445 2057 in
467 2025 598 2057 dicendo
613 2025 699 2057 Ulixi
714 2025 876 2057 tribuisset
890 2026 1046 2058 Homerus
1061 2029 1092 2058 et
1106 2026 1242 2064 Nestori,
1264 2026 1325 2057 nisi
1339 2027 1402 2057 iam
1417 2029 1482 2057 tum
1498 2028 1583 2058 esset
1603 2026 1703 2058 honor
1718 2026 1936 2066 eloquentiae).

149 2085 182 2089 —
209 2067 257 2098 Ea
277 2075 369 2106 quam
391 2076 489 2107 supra
509 2067 671 2106 posuimus
699 2067 873 2099 sententiae
902 2066 1035 2099 formula
1063 2068 1164 2107 primo
1193 2068 1276 2107 quod
1299 2068 1434 2099 sciamus
1455 2067 1572 2107 placuit
1592 2067 1815 2107 Ramshornio,
1846 2076 1937 2108 quem

144 2109 241 2140 secuti
269 2111 343 2140 sunt
372 2109 462 2140 Ferd.
494 2108 620 2140 Schultz
651 2111 684 2140 et
704 2108 847 2148 Madvig;
878 2109 1105 2148 ineptissimum
1132 2118 1205 2141 vero
1233 2112 1300 2147 est,
1332 2108 1412 2148 quod
1435 2108 1743 2141 Manet-Lattmann
1772 2107 1937 2149 proferunt

144 2159 182 2182 ex
204 2151 287 2182 omni
309 2150 534 2182 sententiarum
558 2159 641 2182 nexu
663 2152 853 2190 exemptum:
877 2150 937 2181 iam
960 2154 1026 2182 tum
1048 2156 1116 2182 erat
1138 2150 1236 2182 honor
1258 2150 1461 2190 eloquentiae.

297 2250 325 2285 1)
355 2249 529 2287 Zumptium
562 2266 602 2270 —
634 2259 690 2286 per
719 2249 823 2277 ludum
852 2254 882 2278 et
910 2250 1008 2278 iocum
1038 2250 1094 2278 hoc
1124 2249 1330 2278 adnotaverim
1363 2265 1402 2270 —
1425 2249 1499 2286 quid
1519 2249 1673 2287 impulerit
1703 2254 1738 2278 ut
1775 2248 1937 2278 eorundem

144 2290 304 2319 verborum
326 2290 552 2320 collocationem
573 2293 705 2319 mutaret
737 2292 835 2328 („sunt
862 2291 934 2319 mihi
962 2291 1049 2320 multi
1076 2291 1154 2329 libri,
1183 2290 1233 2320 ich
1254 2290 1332 2319 habe
1354 2290 1431 2320 viele
1452 2289 1573 2322 Bfieher
1601 2290 1700 2329 gleich
1722 2290 1818 2320 habeo
1839 2289 1935 2319 libros

142 2332 290 2369 multos“),
312 2341 371 2361 non
393 2331 482 2361 facile
504 2332 694 2370 intelligitur.
