2161 2676
0 1506 3 1513 .

2 1544 6 1552 2

0 1623 14 1647 Ξ

0 1690 21 1704 ,Α

0 1735 6 1765 Ξ
19 1762 21 1764 .

0 1780 13 1816 :ti

0 1822 25 1867 Ξ·-

0 1913 21 1944 ε

0 1945 24 1980 E,

0 1982 25 2004 ¹3-

0 2003 23 2044 ᾗ,

0 2056 29 2086 f.—
41 2075 45 2078 .

0 2087 18 2114 f:

11 2159 18 2167 a

529 276 897 330 ffi„2fflmmffi

499 322 886 366 'wmarus-debeamus,

321 406 324 410 .
340 380 345 393 2
360 386 364 392 ι
380 373 462 407 quae
472 365 521 398 ita
533 364 751 398 adumbramus
764 375 826 399 non
838 366 955 400 trustra
975 367 1147 401 elaborabit
1166 369 1220 409 qui
1242 369 1349 401 dedita
1363 377 1459 409 opera
1471 371 1576 409 atque
1587 368 1678 402 enixe
1697 371 1911 410 pes-sequetur.

201 435 218 444 ,,
345 429 354 446 ,
375 406 521 456 quoniam
542 407 584 455 ad
604 405 695 457 finem
716 407 783 456 eius
803 409 887 457 quod
907 409 967 458 boc
986 411 1112 442 exordio
1133 410 1302 450 explanare
1322 410 1748 458 volueramus'pervenimus,
1769 409 1831 444 hoe
1848 419 1912 459 uno

204 449 519 538 {fflfflztzltqgoam
540 448 772 538 ngnggessriign
770 452 838 530 &ge
847 449 984 524 Βὸειῖθιξὲθ
985 453 1036 524 31η
1038 450 1226 533 Ρὲξξῗίῗὲῧὲ]
1228 461 1266 524 αἶ
1269 502 1277 524 :
1287 450 1834 533 effiegsloestlbauiquganghsspoesessio
1854 460 1913 530 ests,

191 531 268 564 nihil
287 534 377 572 optet
397 530 515 563 melius.
558 531 661 571 Ipsius
682 541 749 564 eius
770 533 822 572 qui
842 533 928 566 dives
949 533 1063 566 dicitur
1084 543 1151 566 cum
1178 544 1216 566 ea
1243 535 1285 567 sit
1311 538 1432 573 natura,
1461 539 1496 567 ut
1523 534 1650 567 omnino
1677 533 1843 575 praedius
1870 534 1913 566 sit

33 570 110 618 ’ᾍ-
135 573 239 613 aliqua
268 573 475 612 possessione,
506 573 708 612 possessionis
738 574 822 605 notio
853 576 1035 615 cognatione
1063 576 1194 615 quadam
1224 585 1261 608 ac
1288 576 1516 608 necessitudine
1547 585 1617 608 cum
1647 576 1775 608 notione
1805 576 1912 608 dativo

130 612 310 655 significata
329 614 358 645 h.
382 622 407 645 e.
430 614 520 653 ‚‚cui“
535 622 576 646 sc.
593 614 719 653 ‚‚‹1iviti“
734 615 898 655 coniugata
912 617 1035 647 videtur
1049 617 1095 648 ita
1116 619 1161 653 ut,
1179 617 1239 648 nisi
1261 617 1416 656 possessio
1439 617 1542 656 aliquo
1562 617 1715 649 attributo
1736 615 1912 655 definiatur,

38 665 76 695 2,
137 658 233 688 totam
255 655 440 687 sententiam
461 664 571 695 parum
598 664 691 695 posse
717 656 849 696 perspici
880 659 1022 697 apertum
1054 658 1102 689 sit.
1146 656 1299 689 Definitur
1328 660 1432 690 autem
1460 659 1617 698 possessio
1647 657 1802 698 adjectivo
1828 658 1913 698 quod

65 715 68 718 -
96 719 98 721 >
135 697 314 736 adiungitur
335 696 460 736 „tanta“
476 697 635 728 enuntiato
649 698 846 729 consecutivo
860 698 1076 738 subsequente.
1111 698 1147 730 In
1162 708 1222 738 quo
1236 700 1401 731 redeuntes
1423 708 1480 731 nos
1500 700 1620 732 adeam
1634 708 1727 740 quam
1747 699 1781 732 in
1801 699 1911 732 eodem
1932 706 1937 710 '

62 741 81 781 ‚27
103 758 106 761 -
134 737 380 770 ratiocinationis
399 746 491 769 cursu
505 737 680 769 imbibimus
700 739 886 777 opinionem,
907 738 1090 779 ubicumque
1100 740 1257 779 possessio
1278 743 1327 771 est
1341 740 1556 778 determinata,
1575 741 1609 772 id
1625 741 1708 780 quod
1727 740 1798 780 ipso
1819 740 1912 773 attri-

60 778 82 817 ἶ..
134 779 210 811 buto
230 778 393 818 indicatur,
414 779 593 818 primariam
615 787 683 810 esse
703 780 858 811 notionem
879 783 974 820 atque
1002 789 1070 812 eam
1091 789 1170 820 quae
1200 789 1273 812 vera
1299 790 1506 821 germanaque
1526 781 1684 821 possessio
1703 781 1848 814 habenda
1868 781 1912 814 sit

67 854 73 858 ,
134 821 246 853 iterum
262 820 475 852 contendimus
489 829 587 860 neque
601 820 767 860 quidquam
782 822 923 860 estquod
937 821 1010 853 addi
1024 822 1124 861 possit
1137 822 1208 854 huic
1225 822 1428 861 disputationi
1442 822 1503 854 nisi
1517 822 1594 854 illud
1607 831 1702 854 unum
1722 823 1764 854 ad
1781 823 1911 856 eandem

134 861 285 894 rationem
307 861 513 893 revocandum
534 870 604 893 esse
625 861 769 893 adiectivi
789 871 809 893 a
830 861 957 895 Graecis
977 863 1187 902 praedicative
1213 864 1309 902 positi
1337 872 1428 895 usum
1454 862 1593 904 (μακρᾶς
1621 860 1683 901 ἔχω
1702 861 1761 900 τὰς
1779 863 1911 905 χεῖρας),

282 902 532 943 Explanavimus,
553 903 626 944 quid
647 912 714 935 cum
730 904 769 935 de
790 903 895 936 dativo
909 904 1085 945 possessivo
1105 907 1171 936 tum
1193 905 1233 937 de
1252 905 1458 945 possessionis
1478 905 1787 938 determinatae
1808 904 1913 938 indole

15 938 21 945 ⁴
78 934 82 939 ’
134 945 300 986 praecipue
320 946 514 985 sentiremus,
535 945 574 977 ab
596 945 704 977 Haasii
725 946 857 977 maxime
877 945 1009 986 profecti
1030 947 1241 986 disputatione
1262 946 1391 986 pulchra
1414 955 1489 979 sane
1509 950 1604 987 atque
1631 946 1913 1020 mosa-aegila?

1778 996 1810 1019 vi

135 996 317 1027 quamquam
341 988 389 1019 vir
409 988 608 1019 doctissimus
629 988 728 1018 dativi
748 988 917 1026 possessivi
937 991 1068 1019 naturae
1088 988 1218 1019 multum
1240 988 1319 1019 lucis
1339 989 1582 1027 argumentando
1603 990 1637 1019 at
1904 1012 1912 1027 ‚

134 1032 248 1067 tamen,
270 1037 339 1060 cum
368 1029 611 1068 argumentando
639 1028 852 1060 tantummodo
874 1031 906 1060 et
936 1029 1101 1068 cogitando
1130 1038 1194 1061 rem
1222 1038 1372 1069 perquam
1401 1028 1556 1061 difficilem
1586 1029 1721 1061 enodare
1748 1028 1912 1066 studuerit,

133 1072 285 1103 incertum
308 1074 357 1103 est
378 1080 416 1102 an
438 1080 499 1102 non
522 1071 621 1102 omnis
650 1070 849 1109 consopiatur
869 1069 1031 1102 dubitatio.
1075 1071 1163 1102 Licet
1185 1071 1265 1102 enim
1287 1070 1470 1110 pervulgata
1491 1070 1545 1103 illa
1572 1079 1663 1110 quam
1683 1079 1782 1110 supra
1801 1070 1913 1102 leviter

134 1113 313 1144 transiimus
333 1112 540 1151 exemplorum
563 1111 645 1143 ultro
667 1121 704 1143 ac
725 1115 836 1151 sponte
855 1120 875 1142 a
895 1112 1104 1151 grammaticis
1126 1111 1267 1143 fictorum
1290 1113 1380 1150 copia
1400 1112 1448 1143 uti
1468 1111 1650 1143 reformidet
1669 1120 1706 1143 ac
1725 1112 1911 1151 scriptorum

135 1154 245 1193 siqua
271 1153 339 1184 fieri
368 1156 473 1192 potest
501 1153 621 1184 ratione
649 1153 725 1183 locis
754 1152 988 1191 explicationem
1015 1162 1103 1183 suam
1131 1152 1261 1183 fundare
1290 1153 1415 1183 studeat
1441 1153 1504 1191 (An
1526 1153 1627 1184 nescis
1647 1152 1756 1191 longas
1786 1153 1912 1192 regibus

135 1203 203 1227 esse
224 1195 356 1226 manus?
377 1195 432 1225 Ov.
448 1194 520 1225 Her.
545 1194 593 1232 16,
617 1194 685 1225 166.
729 1192 839 1224 Nullus
860 1196 990 1233 argento
1011 1193 1095 1225 color
1116 1196 1166 1225 est
1186 1194 1289 1225 avaris
1311 1193 1417 1225 abdito
1438 1194 1530 1225 terris
1551 1193 1626 1225 Hor.
1648 1193 1748 1225 Carm.
1771 1193 1812 1232 11,
1832 1193 1862 1232 2,
1885 1195 1911 1225 1.

134 1235 227 1268 Nulla
246 1239 351 1275 potest
372 1244 442 1267 esse
463 1235 616 1274 voluptati
638 1244 706 1266 cum
728 1235 892 1266 honestate
913 1235 1088 1266 coniunctio
1115 1234 1175 1266 Cic.
1199 1234 1256 1266 Off.
1276 1235 1332 1274 ΙΙΙ,
1357 1234 1440 1274 120),
1469 1238 1583 1274 tamen,
1613 1243 1681 1266 cum
1704 1234 1850 1266 minimus
1870 1235 1913 1267 sit

135 1277 284 1310 eiusmodi
310 1277 446 1309 locorum
467 1285 614 1308 numerus
641 1276 861 1315 minimumque
881 1276 904 1307 ii
925 1276 1049 1307 valeant
1071 1275 1165 1314 (unus
1194 1279 1243 1307 est
1271 1276 1436 1315 Ciceronis,
1464 1285 1510 1315 ac,
1543 1276 1570 1307 si
1599 1276 1804 1308 Horatianum
1832 1275 1911 1308 illud

134 1318 291 1358 neglegas,
312 1319 343 1349 in
358 1318 680 1358 pervagatissimorum
695 1317 902 1356 exemplorum
917 1326 1044 1348 numero
1063 1317 1195 1348 habendi
1217 1318 1313 1356 sunt),
1334 1316 1402 1348 fieri
1417 1327 1478 1348 non
1502 1317 1606 1356 potuit
1626 1317 1711 1358 quin,
1731 1319 1768 1348 ut
1787 1317 1912 1350 tandem

135 1360 299 1400 aliquando
319 1360 491 1391 omnium
513 1368 778 1398 quaecunque
800 1359 908 1398 apud
929 1359 1157 1398 scriptores
1172 1357 1328 1390 latinos
1349 1358 1613 1390 inveniuntur
1634 1357 1911 1398 exemplorum

133 1402 224 1442 copia
244 1401 333 1433 nobis
353 1401 576 1441 suppeditaret,
598 1399 647 1432 vel
669 1400 936 1432 vehementissime
957 1403 1144 1439 optaremus.
1188 1399 1256 1431 Hac
1284 1399 1364 1431 enim
1394 1400 1460 1431 sola
1480 1400 1602 1432 ratione
1623 1399 1722 1432 dativi
1742 1400 1913 1439 possessivi

133 1443 268 1476 indolem
289 1452 326 1475 ac
347 1443 503 1483 regionem
525 1445 608 1473 certo
629 1442 770 1481 indagari
792 1450 884 1481 posse
904 1441 994 1473 nobis
1015 1442 1234 1481 persuasimus
1269 1441 1330 1473 Sed
1352 1441 1625 1481 praepedientibus
1645 1441 1738 1473 huius
1759 1449 1912 1473 commen-

135 1485 238 1517 tarioli
259 1485 411 1524 angustiis
433 1492 500 1515 cum
524 1484 700 1523 contingere
728 1492 787 1514 non
817 1486 932 1522 posset,
961 1486 997 1514 ut
1024 1483 1122 1514 totius
1149 1483 1314 1514 latinitatis
1345 1483 1485 1523 exempla
1514 1492 1576 1514 uno
1596 1484 1628 1515 in
1649 1486 1817 1523 conspectu
1838 1492 1912 1523 pro-

134 1534 327 1565 poneremus,
348 1526 497 1565 principis
518 1525 649 1564 primum
672 1525 854 1564 scriptorum
877 1524 1032 1556 Ciceronis
1061 1533 1111 1555 res
1139 1533 1232 1563 quam
1263 1525 1495 1556 accuratissime
1522 1525 1712 1564 conquisitas
1733 1527 1827 1564 atque
1847 1524 1911 1556 dis-

134 1567 253 1607 positas
266 1566 470 1606 proferendas
481 1566 721 1597 existimavimus
735 1565 866 1596 materia
885 1565 955 1603 ipsa
975 1565 1014 1596 iis
1028 1565 1200 1596 rationibus
1217 1565 1248 1596 in
1263 1565 1402 1596 ordinem
1420 1568 1537 1603 coacta,
1559 1574 1636 1604 quas
1657 1565 1758 1596 dativi
1781 1567 1912 1597 naturae

135 1609 308 1642 consentire
329 1607 509 1640 iudicemus.
965 1618 967 1621 ·

283 1751 311 1780 A
332 1749 435 1780 dativi
460 1751 616 1787 potestate
644 1756 680 1779 ac
708 1748 860 1779 sententia
887 1747 1048 1786 principali
1070 1746 1225 1785 partiendi
1247 1755 1284 1777 ea
1305 1755 1384 1785 quae
1406 1748 1551 1785 congesta
1572 1745 1729 1777 dabuntur
1751 1746 1911 1785 capiamus

136 1790 314 1829 primordia.
344 1788 464 1821 Ceteris
485 1789 579 1828 igitur
600 1788 723 1819 casibus
738 1796 888 1828 quaenam
903 1787 950 1818 vis
970 1788 1012 1818 sit
1033 1787 1171 1818 subiecta
1192 1795 1261 1818 cum
1278 1787 1304 1818 si
1326 1796 1386 1817 non
1408 1790 1527 1818 certum
1542 1785 1680 1817 habeant
1697 1786 1910 1826 exploratum-

135 1841 194 1871 que
215 1834 353 1863 attamen
374 1831 420 1862 ita
440 1830 648 1870 quaesiverint
668 1829 868 1870 grammatici,
889 1831 924 1860 ut
945 1832 976 1860 et
991 1828 1029 1860 iis
1050 1829 1103 1869 qui
1124 1836 1215 1860 casus
1236 1828 1411 1866 linguarum
1434 1827 1753 1866 indogermanicarum
1773 1826 1911 1867 singulos

135 1873 175 1904 ad
196 1873 256 1904 loci
276 1872 416 1905 referunt
437 1872 603 1904 relationes
625 1874 657 1903 et
677 1871 717 1903 iis
738 1871 790 1911 qui
810 1871 1040 1911 grammaticam
1062 1870 1126 1902 sive
1147 1869 1389 1909 philosophicam
1419 1871 1591 1909 sequuntur
1617 1869 1791 1903 doctrinam
1819 1877 1910 1901 suum

135 1915 241 1945 datum
254 1914 294 1945 sit
307 1914 346 1952 ¹).
368 1914 407 1945 de
429 1914 514 1945 tertii
530 1922 620 1944 casus
636 1913 666 1944 vi
679 1912 836 1951 primitiva
857 1912 933 1943 adeo
954 1913 1128 1943 etiamnunc
1148 1912 1299 1943 incertum
1315 1910 1440 1942 vacillat
1453 1910 1610 1949 iudicium,
1631 1910 1713 1941 utin
1726 1909 1813 1941 illum
1834 1919 1911 1950 quo·

135 1965 195 1996 que
215 1958 305 1987 vetus
327 1954 418 1987 illud:
441 1955 560 1994 „adhuc
582 1954 639 1986 sub
656 1955 757 1986 iudice
778 1954 817 1985 lis
831 1953 899 1985 est⁴⁶
920 1953 1031 1985 cadere
1051 1953 1201 1984 videatur.
1231 1952 1312 1983 Illud
1335 1961 1428 1983 unum
1450 1950 1528 1983 satis
1549 1950 1751 1990 probabiliter
1771 1950 1912 1983 effecisse

134 1996 279 2029 videntur
300 1997 502 2037 grammatici,
524 1999 560 2027 ut
573 1996 695 2036 linguae
717 2004 845 2036 graecae
867 1995 989 2026 dativus
1010 2003 1138 2026 munera
1159 1993 1359 2033 complurium
1383 1996 1415 2024 et
1435 1992 1536 2024 forma
1556 1995 1588 2024 et
1602 1994 1759 2032 potestate
1774 1992 1911 2025 dissimi-

134 2038 210 2069 lium
232 2046 359 2069 casuum
381 2038 570 2077 suscepisset
583 2038 622 2076 ²),
644 2038 690 2068 ita
700 2037 838 2068 dativum
854 2036 984 2068 latinum
1006 2045 1073 2067 cum
1088 2035 1219 2067 locativo
1233 2033 1318 2065 finali
1339 2034 1463 2073 (priscis
1484 2033 1610 2065 locativi
1630 2033 1739 2065 formis
1759 2034 1912 2073 exceptis)

135 2078 320 2110 confluxisse
352 2079 391 2110 ob
421 2088 549 2119 eamque
578 2088 643 2110 rem
665 2081 772 2118 aptum
803 2087 870 2109 esse
898 2087 959 2117 quo
987 2077 1178 2116 propositum
1206 2076 1289 2115 quod
1318 2075 1387 2115 quis
1409 2078 1570 2106 assecutus
1592 2074 1634 2106 sit
1655 2077 1688 2106 et
1707 2075 1795 2106 locus
1815 2075 1912 2113 signi·

135 2118 246 2152 ficetur
258 2120 297 2159 ⁸).
341 2121 391 2152 Ad
411 2120 491 2152 hanc
512 2124 616 2152 autem
639 2120 881 2159 disputationem
910 2119 964 2150 illa
993 2119 1059 2150 sola
1089 2118 1186 2149 dativi
1214 2120 1354 2156 potestas
1383 2116 1533 2156 quadrat,
1561 2124 1624 2156 qua
1650 2116 1737 2147 notio
1765 2116 1914 2156 (persona

285 2213 314 2248 1)
336 2211 372 2240 cf.
395 2212 626 2241 Stolz-Schmalz
648 2212 666 2239 l.
689 2221 721 2248 c.‚
743 2221 771 2248 p.
792 2211 861 2239 412.

283 2254 314 2288 2)
335 2253 415 2281 Bru
421 2262 576 2290 gmann,
604 2252 797 2281 Griechische
819 2250 1006 2280 Grammatik
1030 2250 1210 2287 (Lautlehre,
1239 2248 1463 2277 Flexionslehre
1484 2248 1547 2276 und
1568 2247 1710 2286 Syntax);
1742 2247 1914 2277 Handbuch

138 2292 192 2321 der
212 2293 400 2323 klassisehen
421 2292 799 2323 Altertumswissenschaft
820 2302 879 2322 von
899 2292 990 2321 Iwan‘
1005 2302 1031 2321 v.
1053 2291 1168 2328 Mffller,
1190 2291 1216 2319 2.
1238 2289 1332 2327 Band,
1355 2290 1381 2318 2.
1403 2288 1489 2327 Aufl„
1511 2299 1539 2328 p.
1562 2290 1623 2319 200
1643 2298 1688 2327 sq.

284 2335 314 2371 3)
335 2335 551 2364 Kuehnast
573 2335 775 2372 (Livianische
798 2334 919 2372 Syntax,
941 2344 969 2371 p.
993 2334 1062 2370 118)
1082 2333 1202 2361 tertium
1224 2342 1325 2361 casum
1346 2331 1434 2369 plane
1456 2335 1546 2361 vocat
1567 2331 1643 2369 „den
1665 2330 1768 2360 Kasus
1788 2330 1843 2360 der
1863 2331 1914 2360 be·

135 2374 272 2412 teiligten
293 2375 431 2414 Sphare“.
1679 2403 1716 2433 2*

878 241 885 247 ,
947 243 960 245 ᾗ,
1013 243 1022 248 ,
1065 173 1930 253 samem-missamissa>

770 246 832 284 ¹¹⁶²
845 242 1924 328 “meffiffiffifflssswoeffi
1967 263 1991 333 j
2033 260 2036 261 *

2081 190 2125 584 ..s*„wpffi

2120 498 2161 752 *sium‘fflicfflik'
2135 404 2159 434 .·.‘
2130 368 2154 381 η’
2132 340 2136 343 “
2142 314 2146 318 -
2130 283 2134 286 ’

2119 821 2137 849 ὶτ”’
2121 742 2140 807 *usn-'⁴'
2130 707 2133 708 =

2114 1169 2117 1171 ·
2108 931 2116 936 ⁶
2104 913 2114 922 '¹
2117 862 2122 875 ψ,

2154 1216 2161 1224 ι
2123 834 2161 1193 πᾼ,»τὲώῶιαᾯέὲιωὲζζῢῗ“
2137 807 2146 813 5
2136 783 2148 797 ἰ
