2161 2676
347 166 350 169 '
1335 164 1339 169 -
1444 153 1451 166 ‘⁴
1492 154 1495 158 '
1542 156 1593 171 ’ΜΚ
1612 168 1617 175 ,
1630 162 1641 165 >-
1710 157 1721 173 ⁴:
1739 156 1759 171 ι.

153 181 206 222 qui
226 182 398 214 incenderit
418 181 544 223 curiam.
565 181 607 213 ib.
629 181 716 220 xm,
737 181 772 213 4:
801 182 869 213 Illis
889 182 973 214 locus
1001 182 1029 214 si
1049 183 1082 214 in
1102 182 1162 214 hae
1182 181 1259 214 urbe
1278 181 1382 220 fuerit,
1404 180 1563 222 ipsiuxhi
1577 179 1670 216 lom
1689 176 1761 219 ὠιέ

152 224 236 256 deor.
258 223 316 264 111,
336 223 392 255 38:
421 222 641 264 Temperantia
661 226 783 255 constat
802 232 839 255 ex
862 223 1147 263 praetermittendis
1168 222 1381 263 voluptatibus
1401 223 1552 264 corporis,
1579 223 1631 257 cdi
1643 222 1785 267 siloem

157 267 216 305 est,
237 264 402 305 est,etiam
425 264 646 304 voluptatibus.
1864 281 1868 294 ι

305 306 515 346 metaphorice
529 307 761 346 quibuscunque
776 306 849 337 locis
863 305 997 338 occurrit
1018 306 1063 338 ita
1083 309 1259 345 usurpatur,
1282 309 1318 337 ιιι
1338 309 1443 338 careat
1462 306 1616 342 attributo
1638 306 1692 348 (de
1711 305 1806 340 divin.
1828 305 1888 347 11,ῑῖν

156 347 321 386 „Difficilis
342 348 453 387 auguri
475 347 560 379 locus
580 349 620 378 ad
643 352 750 379 eontra
770 347 942 378 dicendum.
986 348 1092 379 Marco
1113 347 1260 385 fortasse,
1286 348 1342 379 sed
1363 347 1500 379 Romano
1528 347 1723 380 facillumus“
1745 348 1871 382 dativus
1889 338 1953 385 nd-

153 389 267 421 iectivo
289 389 471 421 subiunctus
492 389 562 428 est).
605 388 692 420 Brut.
714 388 792 420 207:
835 389 934 420 Locus
955 393 1023 420 erat
1043 390 1165 420 omnino
1187 389 1218 420 in
1240 388 1381 420 maximis
1405 389 1505 420 causis
1526 393 1651 428 praeter
1676 398 1746 429 eos,
1777 389 1816 421 de
1836 388 1949 429 quibua
2006 413 2012 432 :-

153 439 250 470 supra
271 430 345 470 dixi,
368 430 489 462 nemini.
511 430 551 462 ib.
573 430 652 461 233:
682 430 732 461 Ita
753 429 886 469 furebat,
909 433 944 462 ut
966 432 1113 462 mirarere
1135 434 1198 461 tam
1221 430 1300 462 alias
1321 439 1370 462 res
1391 438 1483 470 agere
1503 430 1660 470 populum,
1681 436 1718 463 ιιι
1738 433 1821 464 esset
1841 430 1948 463 insano

154 472 236 504 inter
257 472 390 504 disertos
411 472 504 504 locus.
547 472 635 502 Orat.
656 472 694 502 4:
738 471 774 502 In
804 472 905 510 poetis
934 481 993 503 non
1027 472 1158 504 Homero
1189 471 1246 503 soli
1275 472 1359 504 locus
1387 474 1443 510 est,
1473 475 1507 503 ut
1537 472 1577 503 de
1598 472 1728 504 Graecis
1748 472 1866 512 loquar,
1894 475 1949 504 ant

156 513 340 545 Archilocho
361 516 416 544 aut
437 512 581 551 Sophocli
604 515 658 542 aut
680 512 824 550 Pindaro,
851 514 904 544 sed
927 513 1034 544 horum
1058 513 1105 544 vel
1127 513 1269 544 secundis
1290 513 1338 544 vel
1360 513 1453 544 etiam
1476 512 1556 543 infra
1577 513 1736 544 secundos.
1762 513 1801 544 de
1815 517 1892 544 orat.
1907 512 1948 551 11,

153 554 231 585 246:
275 553 396 585 Cenabo
418 554 502 592 apud
524 556 564 591 te,
587 571 626 575 —-
650 554 701 584 uni
734 554 814 584 enim
845 553 943 585 locum
977 563 1046 585 esse
1074 554 1172 585 video.
1216 553 1337 591 Quinct.
1366 554 1422 585 94:
1467 552 1499 584 Si
1530 553 1603 585 licet
1631 554 1735 585 vivere
1765 562 1835 586 eum
1857 562 1946 594 quem

155 595 223 628 Sex.
246 594 383 627 Naevius
404 603 463 626 non
486 594 561 633 vult,
582 595 609 626 si
631 597 680 626 est
701 594 816 627 homini
837 595 967 627 honesto
989 595 1073 627 locus
1088 595 1118 627 in
1135 595 1260 627 civitate
1281 595 1376 627 invito
1397 595 1514 627 Naevio
1536 612 1576 618 -—
1597 603 1668 634 spes
1688 598 1737 627 est
1757 595 1851 628 etiam
1868 596 1949 627 hunc

154 637 301 669 miserum
324 640 419 677 atque
440 636 594 668 infelicem
610 636 776 676 aliquando
799 637 922 667 tandem
946 646 1035 676 posse
1056 638 1233 668 consistere.
1276 637 1363 668 Verr.
1385 637 1426 675 11,
1447 637 1471 674 1,
1492 637 1549 668 98:
1586 636 1652 667 Non
1675 637 1765 668 modo
1786 636 1948 676 proditori,

154 678 210 709 sed
233 687 271 709 ne
293 677 440 717 perfugae
454 677 578 717 quidem
593 677 679 709 locus
701 677 729 708 in
755 678 830 708 meis
852 677 963 709 castris
984 678 1125 716 cuiquam
1148 678 1216 709 fuit.
1239 678 1312 717 Leg.
1333 687 1399 717 agr.
1421 678 1461 716 II,
1484 679 1538 709 77:
1569 677 1649 708 Num
1665 677 1751 709 vobis
1772 681 1829 709 aut
1850 678 1945 710 vestri

152 719 306 751 similibus
326 719 464 758 integris,
485 719 607 758 quietis,
630 719 738 750 otiosis
761 719 935 750 hominibus
957 719 987 750 in
1003 719 1060 750 hoc
1082 728 1208 751 numero
1225 719 1325 751 locum
1347 719 1413 751 fore
1434 719 1573 758 putatis?
1594 718 1671 750 Rab.
1694 718 1777 750 Post.
1799 719 1857 751 36:
1888 718 1947 751 Ubi

153 760 248 792 semel
263 761 333 800 quis
346 761 543 800 peieraverit,
566 760 594 791 ei
610 760 692 791 credi
708 764 825 799 postea,
840 761 963 792 etiamsi
986 770 1040 799 per
1054 760 1151 800 pluris
1173 761 1246 792 deos
1268 761 1357 799 iuret,
1380 770 1438 792 non
1453 764 1584 800 oportet,
1604 760 1798 800 praesertim,
1822 760 1948 800 iudices,

153 811 221 834 cum
238 802 268 833 in
283 802 333 834 his
346 802 469 834 iudiciis
484 811 523 834 ne
537 802 622 834 locus
636 802 759 840 quidem
776 811 852 833 novo
867 803 942 834 testi
965 802 1062 833 soleat
1084 811 1151 834 esse
1173 802 1211 833 ob
1233 810 1363 842 eamque
1377 811 1500 834 causam
1515 802 1597 833 idem
1613 801 1730 833 iudices
1747 802 1948 840 retineantur,

154 844 208 883 qui
229 843 346 876 fuerint
367 844 407 875 de
427 853 489 875 reo.
532 843 635 874 Plane.
658 844 717 875 82:
756 844 805 874 Me
827 844 1025 875 vehementer
1047 844 1129 875 vitae
1152 852 1237 875 meae
1259 844 1441 883 paeniteret,
1463 844 1535 875 siin
1553 852 1620 875 mea
1635 843 1849 875 familiaritate
1863 842 1948 875 loeus

153 888 235 917 esset
265 886 378 917 nemini
409 886 468 917 nisi
498 885 633 924 litigioso
662 888 717 916 aut
749 885 879 916 nocenti.
926 885 1009 916 Balb.
1031 886 1087 918 40:
1118 885 1284 920 Testantur
1307 903 1345 907 —
1367 885 1468 925 ipsum
1490 885 1637 924 populum
1659 885 1830 916 Romanum
1853 902 1892 907 —-
1914 893 1947 916 se

154 927 211 958 hoc
232 927 282 958 ius
303 935 370 962 esse
393 926 481 965 velle,
503 929 538 958 ut
559 926 617 957 sibi
633 929 665 957 et
686 927 800 963 liberis,
822 927 848 958 si
864 927 917 966 qui
932 927 1044 957 eximia
1059 927 1173 957 virtute
1188 926 1291 965 fuerit,
1313 927 1355 957 sit
1375 927 1406 957 in
1431 927 1544 958 nostris
1559 926 1678 964 castris,
1699 926 1741 958 sit
1761 926 1792 958 in
1815 926 1948 965 impera—

154 973 256 999 torum
278 967 460 1007 praetoriis,
492 967 534 999 sit
562 968 696 1006 denique
725 968 806 998 inter
836 968 925 1007 signa
946 971 1039 1007 atque
1068 968 1098 998 in
1121 967 1187 999 acie
1208 967 1301 1006 locus,
1323 968 1365 999 sit
1387 968 1435 999 his
1457 967 1604 1006 gradibus
1624 976 1770 999 ascensus
1791 967 1884 998 etiam
1906 968 1947 998 ad

153 1009 319 1050 ciuitatem.
363 1009 437 1040 Post
458 1009 521 1039 red.
544 1009 586 1039 ad
607 1008 664 1045 Qu.
689 1008 743 1039 14:
773 1008 882 1047 Itaque
905 1017 1002 1046 neque
1025 1018 1057 1039 re
1073 1009 1197 1048 publica
1211 1009 1414 1040 exterminata
1437 1008 1510 1040 mihi
1531 1008 1630 1039 locum
1654 1008 1684 1039 in
1700 1008 1758 1040 hae
1780 1007 1856 1040 urbe
1879 1016 1947 1039 esse

154 1050 230 1081 duxi
251 1059 317 1089 nec,
339 1051 365 1081 si
388 1049 442 1080 illa
464 1049 696 1087 restitueretur,
724 1049 883 1088 dubitavi,
913 1051 986 1089 quin
1010 1059 1058 1081 me
1079 1058 1181 1081 secum
1204 1050 1273 1088 ipsa
1294 1050 1464 1081 reduceret.
1509 1049 1593 1080 Fam.
1616 1049 1685 1087 XII,
1707 1049 1756 1087 23,
1779 1049 1815 1080 3:
1860 1049 1948 1086 Quae

152 1091 233 1122 enim
256 1094 305 1122 est
325 1099 405 1130 spes,
426 1099 519 1130 quum
535 1090 565 1121 in
581 1091 724 1121 concione
739 1091 839 1122 dicere
861 1099 955 1122 ausus
976 1091 1018 1121 sit
1034 1091 1184 1122 Antonius
1198 1091 1383 1122 Cannutium
1406 1091 1489 1130 apud
1511 1099 1563 1121 eos
1584 1090 1683 1121 locum
1705 1090 1763 1121 sibi
1786 1098 1946 1128 quaerere,

152 1132 265 1171 quibus
286 1141 319 1164 se
341 1132 426 1163 salvo
447 1131 531 1163 locus
553 1132 582 1162 in
606 1131 733 1163 civitate
755 1140 823 1163 esse
844 1140 903 1163 non
927 1133 1050 1171 posset?
1082 1131 1135 1171 (cf.
1167 1132 1207 1163 ad
1229 1131 1332 1169 Quint.
1354 1131 1391 1163 fr.
1413 1132 1470 1170 III,
1501 1132 1531 1170 3,
1552 1132 1590 1163 3:
1633 1131 1715 1170 Quid
1736 1130 1874 1163 futurum
1896 1131 1947 1169 sit,

153 1174 272 1212 nescio;
295 1174 394 1205 locum
417 1177 521 1204 tamen
544 1173 588 1204 illi
604 1175 634 1204 in
657 1173 783 1204 civitate
805 1183 864 1204 non
889 1174 999 1212 video).
1031 1174 1097 1204 Att.
1119 1173 1188 1213 XII,
1210 1174 1260 1211 38,
1281 1174 1318 1205 4:
1363 1173 1500 1205 Heredes
1521 1173 1673 1213 Scapulae
1694 1173 1721 1204 si
1736 1173 1811 1204 istos
1833 1173 1947 1211 hortos,

155 1218 190 1246 ut
205 1215 315 1247 scribis
331 1215 388 1245 tibi
404 1215 557 1246 Othonem
573 1215 698 1252 dixisse,
719 1214 861 1253 partibus
876 1218 1023 1254 quattuor
1038 1214 1130 1246 factis
1152 1215 1237 1246 liceri
1258 1215 1403 1254 cogitant,
1425 1214 1502 1246 nihil
1525 1218 1573 1246 est
1594 1214 1712 1246 scilicet
1733 1214 1865 1253 emptori
1878 1213 1946 1253 loci.

303 1256 463 1288 Postremo
486 1256 551 1288 loco
573 1259 726 1295 ponantur
748 1255 888 1295 exempla
910 1255 1042 1287 notionis
1072 1255 1221 1288 translate
1254 1259 1420 1295 usurpatae
1451 1255 1648 1294 eiusdemque
1669 1255 1860 1287 occasionem
1881 1255 1948 1287 sive

153 1297 334 1329 facultatem
356 1297 521 1329 indicantis
542 1298 685 1336 genetivo
707 1298 847 1336 gerundii
869 1297 1031 1329 adiuncto:
1070 1298 1154 1328 Verr.
1177 1297 1217 1336 11,
1243 1298 1269 1336 l,
1293 1298 1347 1328 10:
1378 1297 1444 1328 Non
1468 1300 1524 1335 est,
1547 1306 1606 1328 non
1627 1300 1674 1328 est
1696 1297 1726 1328 in
1749 1297 1806 1328 hoc
1825 1296 1947 1328 homine

153 1339 296 1377 cuiquam
326 1339 474 1377 peccandi
497 1339 590 1377 locuS‚
620 1339 745 1369 iudices.
770 1338 856 1369 Prov.
880 1347 959 1369 cons
982 1339 1017 1368 2:
1061 1339 1328 1377 Quotienscunque
1357 1339 1385 1369 ei
1415 1338 1501 1369 locus
1529 1338 1650 1369 dicendi
1671 1347 1708 1369 ac
1729 1341 1868 1377 potestas
1889 1337 1949 1368 fui:

153 1379 205 1419 (cf.
227 1380 315 1412 Tuse.
337 1380 392 1418 IV,
414 1380 471 1411 38:
517 1381 617 1418 Atque
639 1380 720 1410 idem
742 1380 788 1410 ita
810 1388 910 1411 acrem
934 1379 964 1410 in
986 1380 1085 1411 omnis
1107 1380 1206 1418 partis
1227 1379 1324 1411 aciem
1347 1379 1488 1417 intendit,
1509 1382 1546 1411 ut
1566 1388 1688 1418 semper
1709 1379 1814 1410 videat
1842 1379 1947 1411 sedem

153 1421 212 1452 sibi
235 1430 271 1452 ac
293 1421 392 1452 locum
414 1421 481 1453 sine
501 1420 643 1452 molestia
665 1424 758 1459 atque
779 1430 893 1460 angore
915 1421 1060 1460 vivendi).
1104 1422 1168 1452 Att.
1191 1420 1228 1459 V,
1252 1422 1300 1460 11,
1322 1421 1360 1452 5:
1383 1420 1467 1452 Nihil
1481 1438 1522 1443 —
1537 1430 1556 1452 a
1570 1430 1619 1452 me
1640 1419 1708 1451 fieri
1730 1420 1776 1452 ita
1791 1419 1947 1458 videbunt,

152 1466 188 1493 ut
209 1462 266 1493 sibi
290 1463 334 1493 sit
355 1462 552 1501 delinquendi
575 1462 667 1493 locus.
689 1461 729 1493 ib.
751 1462 806 1500 XI,
831 1462 878 1500 10,
904 1463 935 1494 l:
980 1462 1028 1492 Me
1051 1462 1174 1501 quidem
1196 1462 1381 1500 excruciant,
1414 1465 1447 1493 et
1468 1471 1504 1493 eo
1526 1462 1641 1501 magis,
1670 1461 1750 1501 quod
1780 1461 1855 1492 mihi
1878 1469 1946 1492 cum

153 1503 216 1535 illis
238 1512 276 1537 ne
297 1504 445 1543 querendi
468 1503 591 1543 quidem
613 1503 712 1535 locum
744 1503 881 1534 futurum
910 1506 994 1542 puto.
1040 1504 1139 1535 Flacc.
1160 1503 1217 1535 50:
1261 1504 1376 1535 Iterum
1404 1505 1480 1542 iste,
1509 1503 1558 1535 cui
1590 1502 1692 1535 nullus
1715 1505 1797 1535 esset
1818 1511 1947 1542 usquam

152 1545 341 1577 consistendi
361 1545 456 1584 locus,
479 1546 607 1576 Romam
629 1554 661 1575 se
683 1545 813 1576 rettulit.
859 1545 925 1583 Lig.
947 1545 1004 1575 31:
1035 1546 1081 1576 An
1098 1545 1244 1584 sperandi
1266 1545 1391 1584 Ligario
1412 1553 1507 1576 causa
1528 1553 1586 1576 non
1609 1544 1660 1580 sit,
1682 1552 1750 1576 cum
1767 1543 1842 1575 mihi
1863 1545 1954 1584 apud.

155 1591 187 1618 te
209 1586 295 1618 locus
316 1587 359 1618 sit
385 1587 479 1620 etiam
501 1595 558 1626 pro
579 1586 676 1617 altero
698 1587 907 1625 deprecandi?
929 1603 969 1607 —
991 1586 1215 1625 Intelligendus
1237 1586 1361 1617 videtur
1382 1586 1506 1617 dativus
1526 1586 1612 1617 Fam.
1633 1586 1674 1624 ΙΙ,
1698 1584 1745 1622 17,
1768 1586 1804 1616 6:
1828 1585 1913 1617 Petis
1929 1595 1948 1616 a

153 1637 212 1667 me,
234 1631 269 1659 ut
289 1627 401 1659 Bibulo
422 1631 454 1659 te
475 1636 568 1667 quam
590 1627 827 1666 diligentissime
850 1627 1073 1658 commendem:
1096 1627 1126 1658 in
1149 1636 1209 1665 quo
1232 1627 1306 1657 mihi
1329 1627 1472 1658 voluntas
1494 1637 1551 1658 non
1573 1627 1669 1665 deest,
1697 1627 1752 1658 sed
1774 1626 1858 1658 loeus
1880 1635 1947 1658 esse

153 1668 278 1700 videtur
300 1671 402 1699 tecum
423 1668 649 1708 expostulandi.

304 1709 371 1741 Uno
392 1710 458 1741 loco
479 1719 536 1749 pro
558 1718 625 1748 gen.
655 1709 782 1751 gerund.
812 1708 998 1748 praepositio
1021 1709 1100 1747 „ad“
1130 1709 1214 1741 dieta
1243 1713 1290 1741 est
1311 1709 1396 1740 Fam.
1418 1709 1443 1748 1,
1473 1709 1501 1748 9,
1525 1709 1579 1741 14:
1622 1709 1706 1741 Nulli
1727 1708 1865 1749 improbo
1887 1709 1946 1741 civi

155 1751 242 1783 locus
263 1751 303 1782 ad
333 1760 400 1782 rem
421 1751 577 1791 publicam
598 1750 771 1781 violandam
795 1759 862 1781 esse
884 1752 1037 1788 potuisset
1059 1750 1110 1789 (cf.
1134 1751 1220 1781 Verr.
1236 1751 1275 1788 11,
1297 1751 1322 1789 Ι,
1345 1750 1402 1782 45;
1432 1750 1489 1781 Est
1503 1750 1577 1782 mihi
1600 1751 1679 1781 alius
1700 1750 1785 1782 locus
1805 1750 1846 1782 ad
1869 1750 1947 1781 hanc

153 1793 221 1824 eius
242 1791 444 1831 cupiditatem
468 1792 736 1823 demonstrandam
758 1792 934 1831 separatus)
948 1792 986 1831 1).

303 1833 438 1866 Dativus
467 1834 556 1865 deest
577 1833 661 1870 locis,
689 1832 800 1872 quibus
821 1832 946 1865 verbum
979 1832 1203 1864 substantivum
1238 1842 1295 1865 non
1318 1833 1504 1865 addictionis
1524 1833 1682 1865 intellectu
1704 1833 1758 1864 sed
1781 1832 1947 1864 universali

91 1872 94 1878 '
152 1876 277 1914 dicitur,
300 1875 400 1907 hisee:
444 1875 530 1906 Verr.
553 1875 589 1911 V,
613 1874 668 1905 10:
712 1874 746 1904 In
770 1878 852 1905 metu
875 1874 945 1905 belli
967 1874 1091 1905 furandi
1112 1874 1197 1906 locus
1219 1875 1272 1913 qui
1287 1878 1389 1914 potest
1403 1875 1491 1906 esse?
1533 1875 1621 1905 Brut.
1643 1875 1722 1906 256:
1752 1874 1818 1905 Non
1835 1876 1946 1913 metuo,

152 1926 190 1948 ne
211 1917 288 1948 mihi
311 1916 504 1954 acclametis;
534 1919 582 1947 est
609 1918 712 1947 autem
742 1916 821 1954 quod
852 1916 967 1946 sentias
998 1916 1120 1947 dicendi
1148 1915 1227 1947 liber
1256 1916 1349 1947 locus.
1371 1917 1413 1948 ad
1436 1916 1539 1953 Quint.
1562 1915 1598 1947 fr.
1621 1916 1677 1955 ΙΙΙ,
1702 1916 1727 1954 1,
1752 1916 1789 1947 7:
1831 1915 1947 1947 Romae

152 1958 327 1999 respirandi
354 1967 413 1989 non
442 1960 492 1989 est
519 1957 613 1989 locus.
643 1957 717 1997 Rep.
751 1956 797 1994 11,
821 1957 875 1989 19:
918 1956 962 1987 Ex
993 1966 1053 1997 quo
1083 1957 1220 1997 intellegi
1251 1960 1355 1997 potest
1383 1957 1546 1997 permultis
1574 1957 1662 1989 annis
1683 1960 1755 1989 ante
1777 1956 1943 1989 Homerum

152 2000 248 2032 fuisse
280 2009 371 2039 quam
400 1999 573 2037 Romulum,
603 2000 637 2029 ut
668 1999 730 2030 iam
753 1999 852 2030 doctis
882 1999 1054 2031 hominibus
1083 2008 1119 2031 ac
1151 1999 1340 2037 temporibus
1367 1999 1443 2038 ipsis
1470 1999 1601 2031 eruditis
1629 1999 1669 2030 ad
1696 1999 1945 2038 fingendumvix

151 2041 315 2080 quicquam
338 2045 421 2073 esset
443 2041 509 2072 loci.
526 2059 564 2063 —
582 2040 711 2079 Prorsus
733 2040 796 2071 alia
809 2040 941 2079 denique
963 2040 1082 2071 ratione
1104 2048 1141 2071 ac
1162 2040 1285 2071 dativus
1306 2040 1433 2079 ponitur
1447 2040 1634 2080 praepositio
1652 2040 1776 2079 „apud“
1793 2039 1870 2071 Mur.
1886 2040 1945 2071 63:

152 2083 258 2114 Nostri
280 2100 321 2105 —
343 2082 430 2114 aiunt
452 2100 491 2105 —
513 2090 580 2113 esse
603 2081 687 2120 apud
709 2080 861 2112 hominem
883 2083 1073 2112 constantem
1095 2081 1272 2119 ignoscendi
1292 2080 1401 2113 locum.

183 2126 186 2128 ’
303 2123 504 2164 Spatium.
552 2122 714 2154 Translate
751 2122 866 2154 dictum
895 2124 1082 2162 potestatem
1112 2122 1258 2154 denotat:
1300 2122 1384 2154 Fam.
1415 2122 1477 2160 IX,
1513 2122 1550 2159 5,
1579 2122 1614 2154 3:
1645 2122 1722 2154 Mihi
1752 2121 1780 2154 si
1810 2121 1944 2162 spatium

151 2164 244 2196 fuerit
258 2165 289 2208 in
305 2165 509 2197 Tusculanum
532 2168 606 2196 ante
626 2164 732 2196 Nonas
754 2164 904 2201 veniendi,
925 2164 995 2196 istic
1017 2167 1048 2195 te
1063 2164 1182 2195 videbo.
1197 2181 1237 2186 —
1252 2164 1474 2202 Intelligendus
1494 2167 1543 2195 est
1564 2163 1687 2195 dativus
1701 2163 1780 2195 Phil.
1796 2163 1866 2201 XII,
1888 2163 1945 2195 30:

153 2240 270 2293 ΟΙιιθιιΙι.
293 2265 341 2293 56.
363 2266 410 2293 59.
433 2265 510 2293 Phil.
527 2265 568 2302 H,
590 2265 644 2301 443
667 2264 821 2302 „relictum
845 2264 942 2292 esse“:
971 2264 1052 2293 Fam.
1074 2264 1127 2301 IV,
1150 2265 1177 2300 3,
1201 2265 1228 2292 4.
1272 2264 1343 2293 Sull.
1366 2265 1403 2292 91
1428 2263 1538 2300 (active
1561 2263 1691 2293 dictum:
1719 2264 1800 2292 Fam.
1822 2262 1846 2300 1,
1871 2252 1946 2300 1,'2.

152 2306 269 2335 Cluent.
292 2307 340 2335 61.
361 2306 467 2344 fragm.
491 2305 573 2335 Orat.
595 2306 630 2334 A.
652 2306 708 2344 IX,
731 2306 785 2342 213
807 2304 970 2342 „reliquum
993 2306 1124 2335 facere‘⁴:
1148 2305 1224 2334 Phil.
1246 2306 1335 2343 XIII,
1357 2306 1426 2342 48);
1448 2305 1624 2343 ‚,relinqui“:
1647 2305 1719 2334 Sull.
1743 2306 1789 2334 78.

304 2349 331 2385 1)
353 2348 504 2377 Tillmann
525 2348 556 2384 (l.
579 2357 602 2377 c.
624 2357 692 2386 pag.
717 2348 754 2376 79
777 2348 833 2384 sq.)
855 2346 911 2375 hoc
933 2346 1029 2377 dativi
1050 2347 1151 2385 graeci
1173 2347 1341 2385 exemplum
1363 2346 1589 2376 Ciceronianum
1610 2345 1819 2385 praetermisit.

2111 1788 2117 1796 ¹
2148 1794 2151 1799 «

2108 1815 2161 1848 ,ι

2119 1862 2127 1867 .,
2148 1854 2157 1865 ⁵(

2126 1874 2154 1908 *vr-t
