2161 2676
1008 286 1017 300 ‚
1046 269 1086 293 ex
1114 269 1189 301 quo
1199 261 1331 301 quidem
1348 269 1518 293 maxumus
1546 252 1957 299 oettrmumman-

315 331 324 336 ,
933 304 1018 334 utem
1042 303 1159 334 oratori
1178 302 1345 334 munoriae
1365 301 1506 362 fluctus,
1537 304 1655 341 quanta
1673 297 1815 361 nmina,-
1833 302 1953 341 quanta

276 341 394 378 v>ilie
404 335 529 374 sainct
545 341 672 374 dicere?

314 387 350 430 b)
370 390 450 423 Res
470 390 575 439 aliqua
595 400 633 423 ea
653 393 703 423 est
723 400 805 440 quae
824 392 898 431 quid
919 391 1068 431 possidet

315 431 465 472 Exempla
495 433 693 465 inveniuntur
713 442 774 464 non
796 433 842 464 ita
860 432 969 464 multa.
1017 433 1139 464 Etenim
1162 433 1190 464 si
1211 434 1322 465 merito
1345 442 1381 464 ac
1402 433 1470 465 iure
1492 409 1745 481 neglegerehoe
1770 432 1842 465 loco
1862 432 1952 465 nobis

77 465 81 467 ”
105 471 107 473 ’
167 474 308 507 videmur
344 473 482 505 dativum
511 474 563 513 qui
590 473 706 513 legitur
741 472 831 504 Catil.
860 473 907 511 II,
935 473 974 504 27
1005 473 1130 511 (Nullus
1158 477 1206 505 est
1238 475 1336 513 portis
1364 474 1504 513 custos),
1533 473 1608 514 quia
1642 473 1720 511 talis
1745 473 1833 506 tertii
1860 482 1954 510 muns

167 523 225 556 pro
254 514 400 554 genetivo
429 523 520 556 quem
553 517 664 546 vocant
692 523 767 546 usus
795 514 914 554 aliquot
947 513 1025 545 locis
1053 513 1253 546 confirmatur
1281 514 1362 551 (Cat.
1398 515 1439 554 ΙΙ,
1476 517 1531 547 11;
1583 514 1666 554 Huic
1698 522 1759 555 ego
1789 523 1840 548 me
1871 513 1953 548 bdlo

165 557 275 589 ducem
305 554 462 595 p-rofiteor
493 555 570 588 Mur.
592 556 630 587 4·
674 556 719 587 Ac
740 556 784 594 si,
813 558 849 587 ut
870 565 931 587 non
961 555 1054 587 nullis
1075 556 1106 587 in
1129 555 1308 588 civitatibus
1334 555 1401 588 fieri
1431 557 1526 595 solet,
1555 559 1722 597 patronus
1728 556 1811 590 huic
1837 559 1967 589 cumae.

188 597 290 629 ublice
305 564 576 636 ι)ι·.οιιιιιιιιιιιιιιιιιι·,
609 598 637 629 is
667 597 863 636 potissimum
891 621 896 627 .
921 620 928 627 .
951 621 957 628 .
982 621 988 628 .
1026 596 1172 628 defensor
1202 621 1208 627 .
1239 621 1246 627 .
1278 622 1284 628 .
1315 598 1459 636 daretur,
1499 598 1551 636 qui
1711 596 1890 630 Μία-[οι.

231 647 256 670 c.
288 639 355 669 Am.
386 638 423 670 5:
475 638 540 677 Ego
576 638 647 670 huic
682 647 795 670 causae
832 641 985 678 patronus
1021 638 1119 670 extiti.
1181 638 1280 670 Flacc.
1320 639 1377 669 74:
1428 638 1525 669 Τιιιοι·
1560 622 1618 670 his
1637 621 1752 671 rebus
1761 621 1954 673 (ἶηοωιπιι

168 679 289 720 legibus
318 679 540 712 adscribendus
569 679 659 719 fuit),
690 689 726 712 ac
755 680 783 712 si
811 679 913 719 locos,
942 688 1020 728 quos
1048 679 1109 711 iam
1131 679 1299 719 posuimus,
1328 679 1440 720 quibus
1470 689 1534 712 rem
1556 689 1709 720 personae
1728 680 1791 712 vim
1811 680 1953 714 induite

166 720 424 769 significavimus,
460 731 498 753 ex
536 721 595 754 hac
626 721 833 760 exemplorum
870 722 974 760 specie
1008 721 1175 753 abhorrere
1203 730 1380 760 censemus,
1410 722 1549 753 dativum
1585 723 1630 753 rei
1658 722 1697 754 iis
1723 721 1952 762 quodamnodo

166 762 309 794 'terminis
330 766 452 801 septum
475 763 573 794 teneri
588 762 785 800 arbitramur,
807 766 843 793 ut
864 761 948 793 nulla
969 771 1020 793 res
1038 771 1183 802 possessa
1203 763 1359 793 indicetur
1379 762 1440 793 nisi
1461 763 1546 793 notio
1567 762 1630 801 illa,
1651 771 1744 802 quam
1763 771 1864 803 supra
1879 771 1953 803 per-

167 803 359 842 strinximus,
388 806 575 843 potestatem
605 803 737 835 alicuius
765 803 811 835 rei
840 803 1006 843 designans
1027 812 1126 843 eaque
1148 803 1247 835 ubivis
1274 803 1339 835 fere
1360 803 1467 835 dativo
1488 804 1622 835 notionis

168 845 199 876 h.
220 854 247 876 e.
271 844 437 883 ,“.,locus
480 844 548 876 Non
570 844 735 877 defuerunt
759 846 890 883 sane1),
921 845 974 884 qui
1001 844 1177 876 huiusmodi
1205 845 1344 876 dativum
1366 854 1424 884 pro
1447 843 1572 876 finali
1592 845 1681 884 accip
1681 844 1693 876 i
1721 844 1846 877 vellent.
1887 844 1953 877 Nos

168 895 240 917 vero
262 903 303 909 —
324 888 360 917 ut
381 868 524 918 uberiore
546 886 752 925 explicatione
773 887 1031 926 supersedeamus
1053 903 1093 908 —-
1116 887 1176 918 etsi
1197 886 1305 917 formis
1333 886 1534 925 gerundii
1555 886 1649 918 talem
1671 888 1868 934 potestatem
1881 886 1954 918 sub-

167 927 280 959 iectam
301 936 371 959 esse
392 928 587 959 concedimus
609 927 697 967 (Leg.
720 927 926 967 agr.11‚88:
947 927 1015 958 Hoc
1035 928 1241 967 perscriptum
1263 928 1294 959 in
1316 928 1523 959 monumentis
1544 895 1713 959 veteribus

171 971 208 1000 ιιι
229 971 314 1000 esset
334 968 420 1000 locus
441 969 671 1008 comportandis
692 952 921 1008 condendisque
943 968 1119 1007 fructibus),
1149 969 1274 1000 interim
1296 969 1454 1008 prohiberi
1482 978 1540 1000 nos
1562 968 1646 1000 idem
1676 968 1795 1000 sentire
1820 967 1956 1001 fatemur

170 1009 230 1041 hoc
251 1012 338 1041 certe
359 1010 497 1048 exemplo
519 1009 599 1040 Mur.
622 1009 677 1040 87:
722 1010 845 1049 „Atque
867 1011 912 1040 ita
934 1019 988 1041 vos
1009 1010 1044 1040 L.
1066 1009 1206 1048 Murena,
1234 1010 1363 1047 iudices,
1395 1013 1466 1040 orat
1486 1012 1581 1049 atque
1602 1009 1761 1048 obsecret,
1789 1010 1817 1041 si
1839 1009 1954 1041 iniuste

170 1050 322 1081 neminem
337 1049 430 1082 laesit
444 1067 494 1088 -,
515 1051 558 1082 sit
571 1051 654 1090 apud
676 1059 730 1081 vos
751 1051 983 1082 modestiae
1004 1051 1138 1088 locus,
1167 1051 1224 1082 sit
1245 1051 1429 1081 demisso
1457 1051 1595 1082 animo
1615 1049 1874 1090 perfugium,
1896 1051 1955 1082 sit

171 1090 369 1122 auxilium
392 1100 440 1130 pu
453 1092 574 1130 dori“,
602 1092 651 1122 cui
678 1091 818 1130 exemplo
840 1091 967 1130 adiungi
988 1094 1093 1130 potest
1114 1091 1200 1122 locus
1222 1090 1311 1122 Offic.
1332 1091 1388 1130 111,
1415 1092 1489 1122 117:
1534 1091 1594 1122 Ubi
1615 1091 1747 1130 primum
1768 1091 1955 1130 prudentiae

170 1131 256 1164 locus
277 1131 425 1164 dabitur?
446 1132 483 1164 cf.
507 1132 590 1164 Fam.
612 1132 682 1170 VII,
703 1132 754 1169 23,
775 1132 812 1163 2:
856 1132 986 1164 Bacchis
1007 1141 1080 1164 vero
1101 1132 1154 1164 ubi
1176 1136 1225 1164 est
1245 1133 1329 1172 apud
1351 1141 1400 1164 me
1421 1132 1532 1165 locus?

319 1173 380 1206 Sed
402 1174 602 1214 aggredimur
630 1174 671 1205 ad
699 1173 819 1214 reliqua
848 1174 990 1214 exempla
1019 1175 1243 1206 enumeranda:
1287 1174 1352 1206 Cat.
1375 1174 1416 1212 II,
1445 1174 1485 1205 6:
1527 1173 1597 1206 Non
1619 1177 1669 1206 est
1689 1174 1752 1205 iam
1774 1174 1954 1207 lenitati

169 1214 273 1253 locus;
296 1215 492 1247 severitatem
521 1225 572 1247 res
594 1216 664 1255 ipsa
685 1215 815 1255 flagitat
859 1215 936 1247 Mur.
961 1215 1016 1246 12:
1060 1216 1284 1247 Maledicto
1314 1216 1437 1255 quidem
1465 1216 1581 1247 idcirco
1602 1215 1679 1246 nihil
1699 1215 1732 1246 in
1753 1215 1840 1247 hince
1860 1216 1953 1248 rebus

169 1255 230 1288 loci
252 1259 310 1294 est,
331 1256 413 1296 quod
436 1257 540 1288 omnia
554 1257 622 1288 laus
636 1257 808 1305 occupavit.
831 1257 905 1296 Leg.
921 1265 986 1295 agr.
1009 1256 1050 1296 11,
1072 1255 1107 1287 6.
1136 1257 1203 1296 Ego
1218 1260 1321 1288 autem
1343 1266 1405 1288 non
1427 1257 1528 1288 solum
1549 1256 1636 1288 hoe
1627 1266 1657 1288 ιιι
1668 1255 1748 1288 loco
1768 1256 1880 1296 dicam,
1901 1255 1954 1289 ubi

170 1300 219 1329 est
239 1297 273 1329 id
286 1280 372 1330 d'ictu
393 1297 582 1336 facillimum,
604 1298 684 1330 sed
675 1307 706 1330 ιιι
728 1298 796 1338 ipso
818 1301 938 1337 senatu,
960 1298 991 1329 in
1013 1307 1074 1338 quo
1095 1307 1165 1330 esse
1186 1297 1272 1330 locus
1293 1298 1364 1330 huic
1384 1298 1474 1330 voci
1496 1307 1557 1330 non
1578 1297 1753 1337 videbatur,

170 1348 228 1370 me·
241 1338 380 1371 futurum
402 1347 470 1371 esse
491 1340 649 1372 consulem
670 1340 771 1380 prima
791 1339 846 1371 illa
866 1348 935 1371 mea
956 1340 1158 1371 oratione—
1180 1340 1252 1371 dixi.
1297 1339 1416 1371 Cluent.
1439 1340 1515 1371 202-ε
1559 1340 1655 1372 Recte
1680 1338 1741 1372 hoc
1760 1340 1915 1379 repetiuit
1933 1349 1955 1372 a

169 1379 268 1419 vobis,
290 1384 326 1412 ιιι
338 1381 437 1412 virum
452 1381 603 1420 optimum
619 1398 657 1402 —
673 1381 722 1412 his
737 1380 903 1420 aliquando
918 1381 1147 1412 calamitatibus
1161 1381 1308 1418 liberetis,
1325 1385 1358 1412 ut
1371 1390 1478 1412 omnes
1499 1380 1683 1420 intellegant
1703 1381 1735 1412 in
1757 1381 1954 1413 contionibus

169 1429 239 1453 esse
270 1421 457 1453 invidiae
486 1422 603 1460 locum,
633 1422 665 1452 in
693 1422 816 1453 iudiciis
845 1421 978 1453 veritati.
1021 1421 1098 1453 Post
1126 1422 1191 1454 red.
1221 1423 1261 1453 ad
1290 1422 1374 1459 Quir.
1403 1421 1460 1467 20.
1511 1421 1572 1453 Sed
1600 1421 1658 1453 hoc
1685 1421 1769 1454 inter
1789 1431 1839 1454 me
1859 1426 1955 1463 atque

169 1462 256 1494 illum
270 1463 409 1501 interest,
430 1463 513 1503 quod
527 1463 601 1502 ille,
609 1472 672 1511 qua
686 1472 720 1495 re
734 1463 900 1511 plurimum
914 1463 1026 1503 potuit,
1042 1472 1080 1495 ea
1093 1464 1126 1503 ip
1126 1472 1164 1495 sa
1178 1472 1213 1495 re
1233 1463 1375 1495 inimicos
1396 1472 1469 1494 suos
1491 1463 1576 1495 ultus
1597 1466 1655 1502 est,
1677 1463 1783 1502 armis,
1803 1471 1871 1503 ego,
1892 1472 1954 1512 qua

169 1505 324 1543 consuevi,
346 1508 419 1536 utar
439 1508 517 1543 arte,
539 1505 682 1544 quoniam
705 1504 774 1536 illi
795 1505 885 1535 arti
906 1504 937 1535 in
959 1504 1042 1536 bello
1064 1513 1101 1536 ac
1105 1473 1275 1536 pseditione
1296 1504 1382 1536 locus
1404 1508 1462 1543 est,
1491 1505 1512 1535 h
1524 1505 1591 1535 uic
1611 1505 1643 1536 in
1665 1513 1743 1542 pace
1761 1508 1858 1544 atque
1878 1505 1952 1537 otio.

168 1544 233 1576 Mil.
256 1545 291 1575 2.
335 1545 421 1582 Quae
442 1546 470 1576 si
492 1546 635 1584 opposita
657 1545 765 1576 Miloni
779 1550 932 1584 putarem,
953 1546 1095 1577 cederem
1110 1546 1254 1584 tempori,
1275 1545 1403 1583 iudices,
1419 1554 1476 1577 nec
1490 1546 1571 1577 inter
1585 1547 1705 1576 tantam
1720 1545 1781 1576 vim
1796 1554 1953 1578 armorum

168 1585 378 1618 existimarem
400 1595 468 1618 esse
489 1586 675 1617 orationi
696 1586 806 1617 locum.
834 1585 979 1618 1b.101:
1020 1585 1156 1618 Exilium
1177 1586 1220 1618 ibi
1241 1595 1312 1618 esse
1332 1588 1432 1634 putat,
1454 1585 1507 1618 ubi
1528 1586 1688 1618 virtuti
1710 1595 1772 1619 ιιοιι
1793 1587 1837 1619 sit
1856 1585 1952 1620 locus.

167 1627 328 1667 Acadll,
352 1628 430 1660 106:
459 1628 693 1660 Memoriam
715 1627 790 1660 mihi
811 1627 954 1660 remittas
968 1630 1092 1667 oportet
1108 1631 1141 1660 et
1155 1627 1275 1660 fateare
1295 1637 1365 1664 esse
1386 1628 1425 1660 ei
1446 1627 1558 1667 locum,
1579 1628 1785 1661 etiamaioom

166 1670 385 1709 perceptioque
407 1669 492 1701 nulla
513 1669 563 1700 sit.
599 1670 646 1701 De
667 1668 718 1700 fin.
740 1669 782 1707 11,
804 1669 864 1700 37:
907 1669 1044 1706 Quarum
1065 1670 1144 1700 adeo
1166 1669 1300 1700 omnium
1329 1670 1485 1700 sententia
1512 1669 1728 1708 pronuntiabit
1754 1670 1889 1708 primum
1910 1671 1951 1702 de

169 1709 402 1750 voluptate,
424 1710 500 1741 nihil
521 1719 590 1742 esse
612 1711 649 1742 ei
670 1710 740 1750 loci,
761 1719 821 1741 non
843 1710 934 1741 modo
955 1712 992 1741 ut
1020 1709 1087 1741 sola
1107 1713 1242 1750 ponatur
1262 1710 1292 1741 in
1316 1710 1429 1741 summi
1449 1709 1523 1742 boni
1543 1710 1628 1749 sede,
1601 1718 1742 1750 0,un
1763 1711 1950 1757 quterimus,

165 1751 222 1783 sed
243 1761 283 1784 ne
304 1752 357 1784 illo
378 1751 503 1801 quidem
524 1752 626 1791 modo,
654 1755 690 1784 ut
711 1752 751 1784 ad
772 1751 966 1784 honestatem
988 1750 1170 1800 applicetur.
1193 1751 1233 1783 ib.
1258 1751 1313 1783 78·
1353 1752 1580 1783 Amicitiae
1601 1761 1674 1784 vero
1698 1752 1784 1784 loeus
1805 1751 1859 1784 ubi
1880 1755 1951 1786 esse

167 1797 274 1833 potest
288 1796 344 1825 aut
359 1794 428 1833 quis
443 1794 559 1825 amicus
575 1803 644 1826 esse
659 1795 811 1833 cuiquam,
835 1802 924 1833 quem
946 1802 1006 1824 non
1029 1794 1128 1832 ipsum
1151 1797 1234 1824 amet
1254 1796 1384 1832 propter
1398 1793 1526 1832 ipsum?
1547 1793 1587 1824 ib.
1602 1793 1657 1824 85.
1686 1793 1794 1833 Neque
1814 1795 1948 1826 virtu-

165 1834 282 1866 tibus
304 1844 404 1875 neque
425 1835 637 1866 amicitiis
665 1843 796 1875 usquam
817 1834 918 1866 locum
939 1843 1017 1872 esse,
1038 1834 1066 1866 si
1087 1834 1128 1865 ad
1149 1833 1340 1873 voluptatem
1362 1833 1466 1865 omnia
1479 1833 1666 1873 referantur,
1686 1833 1764 1866 nihil
1784 1838 1950 1874 praeterea

167 1879 217 1908 est
237 1885 423 1916 magnopere
447 1876 619 1908 dicendum.
647 1876 686 1908 ib.
709 1876 766 1913 ΙΙΙ,
787 1876 844 1907 66:
873 1876 962 1913 Quod
982 1876 1014 1907 ni
1035 1876 1080 1907 ita
1109 1884 1144 1906 se
1165 1875 1295 1907 haberet
1316 1875 1370 1914 (so.
1393 1875 1434 1906 ad
1461 1874 1581 1907 civilem
1603 1859 1855 1908 communitatem
1875 1885 1949 1909 con·

167 1917 265 1949 iuncti
296 1921 328 1949 et
359 1918 528 1949 consociati
549 1918 719 1957 essemus),
747 1927 804 1949 nee
825 1918 1023 1949 iustitiae
1055 1916 1137 1948 nllus
1166 1920 1250 1947 esset
1278 1925 1335 1947 nec
1355 1916 1540 1948 bonitati
1560 1917 1655 1948 locus.
1697 1916 1788 1948 Tusc.
1809 1917 1868 1956 111,
1888 1918 1947 1950 36:

166 1957 221 1989 Ne
242 1958 421 1990 iustitia
451 1959 573 1998 quidem
605 1959 686 1990 sinet
714 1962 746 1990 te
774 1959 838 1990 ista
857 1957 967 1997 iacere,
996 1958 1059 1989 cui
1081 1957 1238 1989 minimum
1261 1965 1330 1989 esse
1351 1958 1475 1989 videtur
1495 1958 1527 1989 in
1548 1957 1607 1989 hac
1627 1966 1724 1990 causa
1744 1957 1814 1990 loci.
1844 1957 1948 1991 Divin.

166 1998 207 2038 11,
231 1999 286 2030 19.
316 2000 385 2037 Qua
406 1968 470 2039 (soq
484 1999 622 2038 foruma)
643 1999 766 2031 sublata
788 2000 842 2039 qui
862 2000 949 2031 locus
970 2002 1018 2030 est
1038 1997 1314 2030 divinationi?
1335 1998 1375 2029 ib.
1398 1999 1454 2029 80:
1483 1998 1568 2030 Nihil
1588 1998 1683 2030 debet
1703 2007 1774 2031 esse
1793 1999 1825 2031 in
1846 1999 1949 2040 philo-

165 2040 278 2081 sophia
310 2041 612 2073 commenticiis
644 2009 816 2073 fabelliqs
844 2040 911 2073 loci.
954 2039 994 2072 ib.
1022 2040 1079 2079 111,
1102 2040 1157 2071 76:
1201 2039 1263 2071 Ubi
1284 2039 1327 2079 igi
1318 2039 1380 2071 tur
1400 2040 1486 2071 locus
1507 2039 1568 2071 fuit
1589 2039 1728 2072 errori
1754 2041 1950 2074 deornm?

165 2081 242 2121 Rep.
265 2081 291 2121 1,
312 2082 366 2114 60:
410 2082 452 2114 Et
480 2082 559 2115 illud
586 2082 673 2114 vides
695 2100 735 2105 ——
756 2082 885 2114 consilio
912 2099 953 2104 —
973 2082 1151 2114 dominante
1173 2048 1327 2112 nullumgl
1312 2090 1381 2113 esse
1403 2080 1667 2120 libidinibus,
1699 2081 1819 2120 nullum
1840 2082 1949 2122 irae,

163 2123 282 2156 ιιιιΙΙιιιιι
304 2124 539 2156 temeritati
561 2123 670 2155 locum
693 2125 766 2163 Leg.
782 2124 823 2162 ΙΙ,
844 2124 898 2155 38.
928 2124 1025 2155 Fuit·
1016 2132 1047 2154 ιιι
1061 2122 1187 2154 auribus
1201 2122 1373 2162 animisque
1387 2123 1516 2154 mutatis
1531 2123 1710 2154 etiamhuic
1731 2125 1949 2157 mutationi

161 2159 260 2195 iocus.
283 2163 372 2196 Offic.
394 2165 436 2204 ΙΙ,
458 2165 495 2197 2.
530 2165 606 2197 Cum
630 2182 668 2187 -—
691 2165 852 2197 dominatu
872 2164 965 2196 unius
986 2165 1089 2196 omnia
1110 2166 1289 2195 tenerentur
1309 2172 1408 2203 neque
1429 2168 1514 2195 esset
1534 2172 1663 2203 usquam
1685 2164 1873 2197 consilio
1893 2169 1950 2198 aut

160 2206 423 2238 auctoritati
443 2205 539 2245 locus,
552 2223 591 2228 --
606 2215 662 2238 nec
680 2215 729 2238 me
747 2206 914 2246 angoribus
929 2206 1035 2238 dedidi
1051 2223 1087 2227 —
1104 2214 1161 2237 nec
1174 2213 1295 2236 rursum
1311 2204 1445 2244 indignis
1466 2204 1588 2237 homine
1610 2205 1704 2237 docto
1724 2205 1947 2247 voluptatibus.

167 2246 233 2278 Cat.
255 2247 318 2278 41:
348 2247 413 2278 Nec
428 2264 463 2269 ο
482 2246 609 2279 libidine
624 2247 803 2279 dominante
825 2251 935 2286 temp
946 2247 1141 2279 erantiae
1161 2246 1260 2277 locum
1277 2254 1344 2276 esse
1358 2245 1414 2284 (sc
1431 2242 1585 2285 Archytas
1599 2245 1788 2280 Tarentinus
1801 2248 1950 2288 dicebat),

317 2347 345 2382 1)
367 2346 403 2375 of.
425 2346 613 2384 Reisigii
640 2351 718 2384 synt.
747 2347 830 2375 latin.
859 2346 964 2375 Haasii
993 2345 1237 2375 adnotationibus
1259 2349 1364 2373 auctae
1394 2345 1451 2373 vol
1473 2345 1524 2373 111
1550 2345 1596 2374 ed.
1624 2346 1654 2374 J.
1683 2346 1721 2375 H.
1752 2347 1889 2377 Schmalz
1918 2352 1950 2377 et

162 2386 202 2415 G.
223 2386 387 2424 Landgraf,
408 2388 428 2424 ἓ
450 2389 519 2424 372,
541 2387 607 2417 adn.
630 2389 698 2417 545.
