2161 2676
319 744 524 799 prolusuris
554 767 642 799 nobis
663 767 788 800 scholae
811 768 964 799 annalium
988 765 1104 799 tabulis
1132 777 1259 800 munere
1280 768 1383 809 aliquo
1404 768 1544 800 literario
1565 777 1626 805 nou
1647 767 1758 800 inutile
1778 767 1879 800 visum
1898 769 1950 800 αἴ
1970 757 1973 760 ’
2097 790 2106 797 „

2044 758 2112 771 tttt

160 812 332 845 >maurium
348 822 440 854 quam
458 813 614 845 Ciceronis
627 812 716 845 libris
730 813 949 853 pervestigatis
970 822 1223 853 congesseramus
1237 813 1456 854 amplissimam
1477 814 1518 845 ad
1539 813 1709 853 possessivi
1729 822 1821 854 quem
1836 814 1950 846 vocant
2000 829 2002 832 .
2063 801 2067 805 ”
2103 817 2106 819 “

165 853 266 887 dativi
275 855 505 895 usurpationem
521 855 734 886 excutiendam
745 854 883 887 conferre
900 855 1141 887 Ciceronianam.
1168 854 1246 887 Sunt
1263 864 1338 887 sane
1349 864 1429 895 quae
1445 856 1655 895 disceptamus
1665 855 1694 887 si
1707 863 1767 886 non
1779 854 1951 887 levidensis

160 896 225 927 vaut
237 896 358 928 minuta
376 913 414 918 —
430 905 470 927 an
485 895 542 927 ulli
558 896 723 936 quidquam
741 896 923 936 disciplinae
936 895 1121 928 excolendae
1131 896 1206 927 addi
1216 899 1321 936 potest
1330 897 1464 928 inaniter
1475 896 1668 928 elaboratum
1676 896 1693 927 ’ἓ
1703 913 1742 917 -
1753 898 1789 928 at
1797 898 1883 928 certe
1899 903 1950 934 ea,

149 936 282 976 ‘quibus
295 938 390 969 etiam
403 937 434 968 in
450 937 559 976 „arido
595 938 789 969 uaestionum
804 937 1074 976 grammaticarum
1096 937 1224 977 campo“
1239 937 1344 969 valere
1364 938 1583 969 admoneamur
1603 945 1710 969 vocem
1730 936 1834 969 illam:
1853 934 1952 978 μηδὲν
2000 921 2017 935 '⁴
2043 925 2045 927 ¹

53 992 55 996 Α
136 983 139 986 “
169 977 246 1020 παρ’
260 975 349 1020 ἡμῶν
363 977 542 1020 προςδοκᾶν
556 977 627 1009 λιαν
639 975 729 1019 μέγα.
763 978 824 1010 Sed
840 981 943 1010 tamen
960 978 1030 1018 plus
1045 987 1108 1010 una
1121 987 1178 1010 nos
1192 982 1353 1018 permovet
1367 988 1471 1018 causa,
1493 982 1529 1010 ut
1541 979 1614 1011 huic
1627 979 1711 1019 quod
1724 975 1829 1010 daturi
1842 986 1951 1010 sunus

139 1054 143 1057 .
228 1020 310 1052 taxis
333 1019 550 1052 Ciceronianae
571 1020 731 1059 specimini
752 1020 852 1060 primo
881 1029 942 1051 non
973 1029 1102 1059 prorsus
1130 1021 1285 1060 perditam
1307 1029 1433 1061 operam
1462 1030 1519 1052 nos
1539 1020 1727 1061 impendisse
1748 1017 1948 1052 confidamus.

169 1027 358 1103 Ἐφορεῖα
388 1061 469 1094 euim
490 1065 666 1102 pupugerat
693 1062 755 1093 iam
777 1062 893 1094 dudum
921 1062 1057 1094 animum
1085 1063 1177 1102 quod,
1199 1071 1268 1094 cum
1296 1063 1335 1094 de
1358 1063 1501 1094 universo
1530 1062 1617 1094 tertii
1646 1070 1739 1094 casus
1759 1060 1950 1102 possessioni

273 1104 392 1135 candae
413 1103 609 1135 inservientis
631 1113 690 1135 usu
711 1104 822 1135 mirum
845 1106 992 1144 quantum
1021 1104 1104 1135 inter
1132 1113 1166 1135 se
1194 1105 1403 1136 consentirent
1423 1104 1629 1143 grammatici,
1657 1112 1715 1134 nos
1735 1103 1860 1143 quidem
1880 1110 1957 1134 cum>

169 1142 300 1178 aliorum
331 1147 397 1176 tum
427 1144 582 1176 Ciceronis
602 1145 769 1185 praecipue
790 1153 907 1176 morem
929 1144 1075 1185 loquendi
1103 1144 1141 1177 ab
1163 1145 1224 1177 isto
1246 1148 1396 1178 concentu
1418 1154 1478 1176 non
1499 1145 1601 1177 minus
1621 1142 1751 1177 mirifice
1771 1144 1951 1185 discrimem

170 1194 232 1218 non
261 1187 450 1226 persuadere
482 1185 570 1218 nobis
598 1196 659 1218 non
680 1189 869 1226 poteramus.
911 1186 1015 1227 Atque
1042 1189 1150 1219 nostro
1181 1187 1303 1227 quidem
1332 1188 1399 1219 iure
1420 1187 1479 1218 hoc
1499 1196 1557 1219 nos
1577 1187 1763 1219 iudicavisse
1783 1189 1951 1228 antequam

169 1227 323 1268 nitamur,
354 1227 394 1260 de
424 1228 545 1259 ratione
576 1228 631 1259 illa
660 1237 740 1268 quae
764 1228 882 1268 placuit
910 1229 1120 1268 grammaticis
1149 1230 1301 1269 quaedam
1333 1229 1479 1260 videntur
1507 1229 1644 1261 breviter
1674 1227 1948 1260 commemoranda.

171 1268 319 1301 Declarat
346 1269 427 1302 enim
448 1269 518 1308 ipsa
535 1278 596 1309 qua
617 1278 794 1308 expressam
815 1270 988 1301 invenimus
1016 1270 1116 1309 legem
1137 1271 1178 1301 ad
1199 1271 1337 1302 dativum
1359 1270 1567 1310 possessivum
1589 1269 1797 1310 pertinentem
1817 1268 1952 1301 turmula

170 1310 250 1343 adeo
278 1320 340 1342 non
363 1310 473 1351 quibus
495 1319 533 1342 ea
553 1310 728 1350 regionibus
750 1320 786 1343 ac
812 1311 953 1343 terminis
985 1312 1179 1343 contineatur
1200 1315 1353 1351 constare,
1376 1314 1413 1343 ut
1433 1311 1482 1343 vel
1503 1311 1655 1343 latissime
1675 1319 1743 1343 eam
1764 1312 1873 1350 patere
1893 1319 1951 1350 pro

171 1354 257 1384 certo
280 1351 319 1383 ab
340 1351 482 1384 omnibus
503 1352 662 1384 habeatur.
698 1353 826 1385 Accedit
847 1353 916 1392 huc,
940 1353 1024 1392 quod
1044 1353 1221 1393 neutiquam
1238 1353 1436 1385 desideratur
1449 1353 1578 1392 exiguus
1599 1352 1652 1384 ille
1673 1352 1797 1393 quidem
1817 1351 1876 1384 sed
1889 1360 1950 1384 non

170 1393 413 1426 contemnendus
443 1402 588 1430 numerus
616 1396 719 1425 certus
749 1403 785 1425 ac
814 1397 900 1425 ratus
927 1394 1136 1433 exemplorum
1167 1403 1187 1425 a
1207 1395 1347 1434 principe
1375 1395 1560 1434 scriptorum
1585 1394 1752 1426 latinorum
1771 1394 1951 1433 petitorum,

169 1443 250 1474 quae
271 1435 396 1475 quidem
419 1434 465 1466 vel
487 1435 618 1466 maxime
639 1435 814 1466 necessaria
835 1435 1011 1467 existimare
1032 1436 1247 1467 consueverint
1264 1437 1305 1467 ad
1326 1435 1529 1475 grammatica
1557 1438 1726 1474 praecepta
1755 1434 1950 1467 stabilienda.

169 1475 207 1508 In
239 1476 514 1508 usitatissimamm
535 1485 609 1508 vero
637 1485 739 1507 rerum
761 1484 887 1508 numero
916 1476 997 1516 quod
1033 1476 1131 1514 dativi
1159 1477 1329 1516 possessivi
1359 1480 1546 1509 structuram
1575 1476 1748 1509 ducendam
1775 1476 1951 1516 opinantur,

171 1519 260 1550 tanto
281 1517 493 1550 vehementius
514 1518 636 1550 videtur
657 1518 839 1557 mirandum,
861 1518 943 1558 quod
964 1518 1148 1558 quicumque
1169 1527 1275 1550 curam
1297 1518 1445 1551 adhibent
1465 1519 1616 1550 sermonis
1636 1517 1728 1550 latini
1748 1517 1846 1550 indoli
1861 1517 1951 1550 inda·

169 1560 292 1598 gandae
306 1562 340 1591 et
362 1568 453 1599 quam
467 1558 642 1590 firmissime
664 1560 893 1591 constituendae
914 1569 975 1590 non
996 1563 1070 1591 suut
1090 1560 1185 1591 nescii
1206 1561 1327 1591 ratione
1348 1560 1402 1591 illa
1424 1569 1484 1599 qua
1507 1559 1649 1599 exempla
1669 1560 1774 1591 omnia
1794 1560 1835 1590 ad
1855 1567 1951 1591 unum

169 1608 300 1640 operose
318 1600 447 1632 collecta
460 1600 692 1640 perpendantur
713 1600 859 1640 empirica
879 1600 1025 1632 nonnulla
1046 1600 1094 1632 vel
1115 1610 1222 1632 eornm
1243 1610 1323 1641 quae
1344 1601 1556 1641 grammaticis
1579 1600 1672 1633 nimis
1692 1600 1747 1632 diu
1776 1600 1809 1633 in
1830 1600 1950 1633 deliciis

170 1643 330 1683 tamquam
350 1641 509 1682 fuerint1)
529 1647 765 1682 praeceptorum
786 1651 894 1674 eversa
915 1641 1016 1674 subito
1037 1651 1106 1675 esse
1127 1645 1221 1682 atque
1242 1643 1382 1675 rescissa.

318 1683 362 1715 Ut
376 1686 483 1715 nostra
496 1683 558 1715 fert
572 1684 685 1723 opinio,
700 1692 768 1715 cum
783 1684 836 1715 alii
850 1684 912 1715 alia
926 1684 1097 1723 attulerint,
1118 1693 1137 1715 a
1151 1684 1236 1715 nullo
1250 1684 1323 1715 dum
1339 1688 1441 1716 tamen
1456 1684 1511 1722 ita,
1526 1687 1561 1715 ut
1574 1684 1695 1715 ratione
1714 1684 1755 1715 de
1771 1682 1839 1723 'qua
1859 1683 1950 1714 modo

170 1724 288 1757 mentio
302 1723 387 1756 facta
401 1727 450 1756 est
464 1725 611 1764 empirica
625 1727 722 1756 totam
739 1725 944 1764 exemplorum
960 1724 1138 1756 facultatem
1153 1726 1355 1764 examinaret,
1370 1734 1432 1756 non
1446 1725 1539 1756 modo
1552 1730 1721 1764 paucorum
1734 1725 1791 1756 sed
1805 1733 1846 1756 nc
1859 1724 1950 1755 unius

170 1766 295 1806 quidem
325 1765 486 1805 scriptoris
517 1766 704 1806 investigata
732 1769 781 1798 est
810 1766 950 1798 elocutio.
993 1765 1151 1798 Curiosius
1179 1766 1339 1806 aliquanto
1369 1766 1489 1798 ratione
1519 1775 1600 1806 quae
1631 1766 1754 1797 dicatur
1775 1774 1814 1805 „a
1833 1764 1950 1805 priori“

171 1806 318 1839 instituta
339 1809 528 1839 structuram
550 1807 634 1838 illam
655 1807 800 1847 expedire
821 1816 914 1847 posse
936 1807 994 1839 sibi
1023 1807 1082 1838 visi
1102 1810 1175 1838 sunt
1194 1808 1370 1846 genetivum
1386 1807 1580 1847 potissimum
1594 1807 1802 1846 possessivum
1824 1806 1856 1837 in
1877 1814 1950 1837 con-

155 1848 320 1891 tentionis
341 1848 490 1880 iudicium
511 1851 666 1880 vocantes.
710 1848 801 1886 Quod
821 1852 857 1880 ut
877 1848 973 1888 probe
994 1849 1217 1888 perspiciatur,
1247 1848 1326 1888 legis
1355 1849 1453 1888 ipsius
1483 1857 1545 1888 qua
1572 1849 1612 1880 de
1640 1848 1747 1880 dativo
1773 1847 1950 1887 possessivo

194 1889 366 1930 raecipitur
378 1890 440 1922 iter
455 1890 544 1929 quasi
558 1892 591 1922 et
604 1890 862 1930 progressionem,
884 1891 916 1921 id
937 1890 1020 1930 quod
1033 1889 1146 1921 habeat
1160 1890 1253 1921 etiam
1269 1889 1399 1922 forsitan
1414 1888 1617 1922 iucunditatis
1630 1888 1756 1929 aliquid,
1777 1888 1950 1921 diiudicare

186 1931 266 1962 'oeat
286 1932 469 1963 enarrando.
512 1931 676 1963 Enimvero
698 1932 860 1971 perpauci,
890 1932 1029 1971 quamvis
1057 1940 1186 1970 magnus
1212 1931 1255 1962 sit
1283 1931 1553 1970 grammaticorum
1575 1930 1703 1968 chorus,
1733 1929 1950 1970 explanatione

171 1972 296 2004 omnino
310 1973 523 2015 supersedent.
554 1973 604 2004 Ita
625 1972 673 2004 vel
688 1973 879 2012 superiorum
896 1973 1085 2013 quorundam
1101 1972 1137 2010 (S
1148 1972 1503 2011 cheller-Dcring‚
1526 1971 1692 2011 Br6der,
1707 1970 1745 2002 G.
1760 1970 1950 2004 RGrote-

170 2011 285 2053 fond,
307 2014 342 2046 Α.
367 2012 614 2053 Grotefend,
644 2014 679 2046 Ο.
702 2012 864 2054 Schulz)
884 2013 1001 2046 frustra
1022 2014 1164 2054 exquiras
1185 2013 1423 2046 declarationem
1445 2013 1540 2045 ullam
1561 2016 1618 2045 aut
1643 2011 1950 2053 disputatiunmlm.

107 2078 110 2080 -
172 2054 301 2087 Maioris
321 2056 468 2088 momenti
483 2059 533 2088 est
547 2057 629 2095 quod
645 2059 771 2087 nostrae
790 2057 903 2087 aetatis
919 2065 980 2087 non
997 2057 1109 2088 desunt
1123 2056 1314 2095 grammatici
1333 2055 1489 2087 silentium
1503 2058 1653 2086 tenentes.
1674 2054 1755 2086 Nam
1765 2063 1837 2086 cum
1850 2053 1951 2086 ‹3⁸1-

170 2095 200 2128 li
208 2104 226 2128 e
235 2105 255 2127 n
268 2096 298 2136 ²)
312 2097 453 2136 praecise
467 2099 561 2136 atque
575 2097 742 2136 imperiosa
750 2098 883 2136 quadam
891 2097 1060 2129 acrimonia
1073 2097 1262 2136 praecipiat:
1292 2097 1356 2128 Das
1364 2096 1513 2128 deutsche
1528 2095 1668 2135 „haben“
1684 2095 1761 2128 vird
1769 2094 1870 2128 durch
1882 2103 1953 2128 csse

323 2197 351 2233 1)
362 2196 429 2225 Hoc
442 2195 474 2224 in
485 2205 594 2233 genere
610 2195 784 2234 disputandi
798 2206 893 2234 nuper
907 2206 966 2226 non
978 2196 1042 2225 sine
1056 2196 1144 2225 laude
1158 2199 1294 2224 versatus
1308 2198 1354 2224 est
1367 2194 1405 2223 H.
1419 2194 1510 2232 Ana,
1526 2204 1601 2232 cum,
1616 2203 1693 2231 quae
1707 2194 1775 2223 viae
1784 2195 1953 2225 acrationis

172 2245 244 2265 vere
266 2237 476 2273 grammaticae
498 2236 707 2266 documentum
729 2240 817 2275 esset,
847 2238 925 2266 hanc
949 2237 1035 2266 daret
1056 2236 1347 2266 commentationem:
1390 2235 1519 2264 Cicero’s
1548 2235 1818 2273 Sprachgebrauch
1844 2236 1877 2265 in
1899 2235 1954 2266 der

174 2276 349 2315 Beziehung
371 2277 424 2307 des
445 2277 666 2315 gemeinsamen
686 2277 849 2308 Priidikats
871 2278 921 2308 bei
941 2276 1096 2307 mehreren
1118 2277 1290 2314 Subjekten.
1333 2276 1542 2316 Quodlinburg
1564 2277 1652 2306 1884.

321 2319 352 2356 2)
380 2318 572 2348 Lateinische
604 2319 878 2357 Schulgrammatik
913 2319 962 2349 ΕΠ·
993 2319 1040 2349 die
1072 2319 1197 2348 Schiiler
1227 2318 1279 2347 des
1315 2317 1606 2356 Realgymnasiums.
1655 2318 1741 2348 Nach
1769 2317 1953 2347 Konferenz-

174 2358 363 2397 beratungen
384 2360 684 2399 zusammengesteIIt
726 2361 829 2391 Berlin
853 2362 941 2392 1887.
