2161 2676
1042 140 1366 221 ω19999991999111
1365 168 1943 221 1991919111ου1199999919911109

743 230 765 264 9
928 190 1918 266 ..Dasdeutsehellabmssesitsenkaandurdneusmt

334 306 338 308 '
376 304 505 338 “sache
524 306 590 337 und
609 305 696 338 919111
714 306 766 338 919
786 288 904 338 Person
924 306 980 337 des
1000 305 1204 338 Besitzenden
1225 306 1286 337 den
1308 305 1492 338 Nachdruek
1512 306 1596 338 hat“
1624 306 1723 344 Qum
1743 306 1919 379 sqiteutiae

413 348 538 379 secutae
564 348 638 379 sunt
658 346 810 379 editiones
834 349 1047 386 serraverunt,
1069 347 1125 379 sed
1147 349 1251 378 tamen
1277 347 1324 378 ita
1351 350 1514 386 mutatum,
1540 350 1577 379 ut
1603 347 1703 379 11111119
1957 360 1960 362 ·

252 389 324 423 9ᾱά.
344 387 464 421 XXVII
485 387 596 428 (1883)
617 391 650 421 et
669 388 804 420 XXXIII
832 387 943 428 (1889)
970 397 1028 428 pro
1052 388 1191 428 „“Sache
1213 388 1393 420 exhibeant.
1424 389 1500 428 „der
1520 387 1917 429 Β9911Ζ“·Ε991119101·919

157 431 239 506 rga,
259 439 345 471 quae
359 438 419 461 non
441 430 532 470 10939
550 429 713 461 dissimilia
725 429 833 462 habuit
854 429 930 469 fata,
951 429 1033 461 infra
1052 413 1295 478 percensebitur.
1327 429 1416 461 Nunc
1424 413 1530 462 ’1919111
1551 430 1773 479 disputationis
1794 433 1920 462 9091199

211 480 267 505 999
286 471 485 519 pei-teximus.
514 471 623 511 Itaque
644 470 798 511 Seyffertii
819 480 880 503 non
903 470 1002 502 solum
1024 480 1062 503 ea
1082 471 1163 502 ratio
1184 476 1263 509 quae
1285 479 1365 502 nunc
1386 474 1508 503 constat
1528 472 1618 512 quasi
1632 480 1669 504 ac
1683 473 1756 503 rata
1776 474 1827 503 est
1846 471 1919 504 aliis

138 512 264 555 9199911,
292 521 397 544 verum
426 512 520 544 etiam
548 512 678 544 alteram
704 513 789 544 illam
809 521 902 552 quam
930 512 1030 551 primo
1056 512 1209 544 habuerat
1235 513 1283 543 vir
1312 512 1509 544 doctissimus
1533 513 1658 545 minime
1678 512 1827 545 reiectam
1847 521 1920 545 esse

142 565 274 628 veritate
294 594 451 633 deflectas,
473 595 500 626 si
522 595 643 634 singula
663 604 778 634 genera
798 595 953 626 rationum
984 604 1090 626 earum
1117 604 1196 634 quae
1224 595 1399 626 etiamnunc
1420 594 1561 627 feruntur
1581 596 1722 635 quamvis
1743 604 1805 627 909
1826 594 1920 627 nimis

138 637 225 677 gravi
254 636 430 667 discrimine
459 636 661 668 seiunctarum
685 635 838 675 Seyffertii
866 634 1096 667 definitionibus
1125 637 1312 674 respondere
1342 637 1517 675 suspiceris.
1567 637 1675 684 Neque
1702 635 1789 669 911119
1820 636 1919 668 ullum

139 677 206 710 fere
227 676 390 708 discrimen
414 685 519 707 earnm
533 677 677 708 cernitur
697 677 756 708 nisi
773 677 854 716 quod
875 677 1009 708 maxime
1029 676 1103 716 quid
1125 676 1247 708 intersit
1267 676 1349 707 inter
1363 677 1500 708 dativum
1522 680 1554 708 et
1567 677 1743 716 genetivum
1763 677 1918 716 possessi-

138 728 211 751 vum
225 726 294 750 cum
308 717 401 750 verbo
415 717 609 750 substantivo
619 719 813 758 coniugatum
825 718 1026 757 disceptatur.
1051 717 1150 750 Alteri
1161 718 1242 750 enim
1257 718 1306 757 (W
1316 717 1501 750 919999δο
1509 727 1568 757 19
1587 718 1666 750 Κ111
1673 727 1756 758 391
1775 718 1858 750 Men
1863 727 1920 758 39,

138 759 312 798 Kuhner,
335 759 575 790 Lattmann·
584 759 744 798 Muller)
761 760 900 791 dativum
911 760 1023 791 docent
1035 754 1178 799 flagitari,
1194 760 1281 790 sires
1295 768 1441 798 possessa
1455 760 1659 799 praedicetur,
1668 767 1920 798 9099099999οη

138 801 231 833 911911
252 783 351 832 dat'ivi
371 802 529 832 structura
549 800 774 840 possessionem
796 801 958 833 occasione
978 804 1099 840 partam
1122 801 1278 840 designari
1298 801 1472 857 opinantur.
1503 800 1593 849 Quo'
1584 810 1616 831 111
1638 809 1752 840 genere
1772 804 1822 832 est
1835 801 1919 841 qnod

138 844 199 875 iam
220 842 394 874 Ramshorn
416 842 525 882 (1830)
546 842 579 873 id
599 843 681 882 quod
703 842 883 882 „fortuitum
904 843 971 874 est“
993 846 1078 882 aut,
1080 843 1281 882 ,extrinsecus
1309 842 1412 874 venit“
1433 843 1531 882 accipi
1553 842 1659 874 voluit.
1705 852 1733 873 v.
1755 842 1920 875 Gruber

138 884 249 924 (1861)
270 884 409 915 dativum
431 884 524 915 verbo
546 884 738 915 substantivo
760 885 952 916 subiunctum
975 884 1034 916 sibi
1049 884 1126 916 velle
1141 884 1324 915 arbitratur:
1354 885 1431 923 „das
1453 880 1634 916 Verhaltnis
1655 884 1712 916 des
1725 884 1866 916 Besitzes
1881 884 1919 923 (l)

138 926 196 957 wie
217 926 274 958 der
295 924 427 957 Genetiv
457 926 513 957 das
543 926 728 966 Eigentum“
756 935 813 958 nec
842 926 1119 965 praetermittenda
1146 927 1291 957 videntur
1319 935 1406 974 quae
1429 926 1630 957 adnotatione
1661 924 1722 957 huc
1747 923 1920 966 quadrante

139 970 262 999 monet:
306 967 390 1006 „Der
411 967 504 998 Dativ
528 968 591 998 und
613 967 746 999 Genetiv
768 967 837 999 sind
859 967 927 999 hier
948 967 1060 998 ebenso
1087 967 1287 999 verschieden
1314 968 1370 999 wie
1397 968 1439 998 im
1461 967 1638 999 Deutschen
1659 934 1768 999 habetil
1781 967 1844 999 und
1864 976 1919 1007 ge-

137 1008 252 1040 heren:
281 1017 316 1039 91
335 1007 392 1038 hat
406 1008 463 1039 das
479 1007 613 1039 Buch—
629 1008 692 1039 ihm
713 1008 824 1048 39111111
844 1009 902 1039 das
916 1008 1031 1039 Buch.“
1063 1007 1179 1039 Similia
1193 1008 1356 1047 proferunt
1377 1008 1486 1039 Ferd.
1510 1007 1902 1047 8911911Ζ,Μ911193

138 1049 225 1081 Zum
231 1048 712 1090 p,t[1874,ausser1icherssesitz‚
720 1049 807 1082 nicht
815 1048 1020 1090 Ε1391119111“].
1035 1049 1189 1089 Madvig
1195 1049 1473 1082 iiadnotatiohaec
1481 1049 1713 1089 habet:‚,Diese
1722 1049 1918 1082 Ausdrucks-

74 1119 76 1121 ,
139 1091 230 1122 weise
231 1059 327 1122 pwird
348 1091 537 1130 gewiihnlich
558 1101 617 1122 nur
638 1101 697 1122 von
719 1092 911 1130 demjenigen
933 1091 1111 1130 gebraucht,
1132 1101 1195 1122 was
1216 1091 1266 1122 fiir
1287 1092 1357 1123 eine
1378 1092 1492 1123 Persou
1514 1092 1591 1123 oder
1612 1090 1712 1123 899119
1732 1091 1779 1123 als
1797 1091 1919 1124 Besitz-

139 1134 205 1163 tum
220 1132 295 1163 oder
309 1131 480 1171 gegebenes
495 1132 674 1163 Verhaltnis
689 1132 730 1162 da
744 1132 795 1169 ist,
817 1132 902 1162 nicht
915 1141 974 1162 von
989 1132 1192 1171 demJenigen,
1214 1141 1276 1162 was
1291 1132 1340 1162 ihr
1357 1132 1404 1163 als
1418 1132 1477 1172 Eig
1478 1131 1620 1164 enschaft
1632 1133 1709 1164 oder
1723 1132 1918 1164 Bestandteil

138 1172 295 1206 zukommt
316 1173 380 1206 und
401 1173 541 1213 3911ὃ11.“
570 1173 725 1205 Audiatur
739 1173 832 1206 etiam
849 1172 925 1213 Siip
933 1171 1032 1210 fle1)
1052 1172 1086 1213 [„
1088 1172 1144 1205 Bei
1158 1174 1228 1205 dem
1241 1167 1431 1205 Ubersetzen
1453 1182 1510 1206 aus
1525 1174 1594 1206 dem
1609 1173 1784 1206 Deu'tschen
1806 1173 1838 1205 19
1859 1174 1918 1205 das

138 1214 334 1247 Lateinische
348 1216 391 1247 ist
402 1216 452 1252 919
460 1215 688 1255 Verwandlung
696 1226 755 1248 von
767 1215 884 1247 haben
875 1226 907 1247 19
917 1225 985 1247 esse
993 1216 1030 1255 (!)
1044 1215 1100 1247 auf
1112 1215 1216 1247 solche
1225 1215 1311 1247 Falle
1325 1226 1364 1247 zu
1373 1216 1596 1256 beschranken,
1610 1225 1656 1247 wo
1671 1225 1730 1248 von
1743 1216 1846 1248 einem
1857 1212 1926 1248 Be-‘

138 1257 218 1288 sitze
231 1257 283 1288 die
292 1257 379 1288 Rede
393 1258 443 1294 ist,
453 1258 583 1288 welcher
595 1266 651 1288 aus
664 1258 814 1296 gewissen
825 1257 1069 1296 Verh'altnissen⁷
1084 1257 1286 1295 Umstanden‚
1302 1257 1434 1288 ausseren
1446 1258 1683 1296 Einwirkungen
1692 1258 1792 1289 9199111
1802 1267 1842 1289 zu
1850 1257 1919 1289 'ren

138 1298 223 1338 wird‚
243 1297 294 1330 fiir
315 1298 404 1330 einen
426 1299 466 1329 da
489 1298 540 1338 ist,
562 1308 587 1329 z.
603 1298 637 1330 B.
654 1298 703 1329 ich
717 1297 796 1330 habe
812 1297 899 1337 Geld,
922 1298 1044 1330 Biicher
1058 1308 1087 1329 u.
1103 1297 1209 1338 dgl.“].
1239 1297 1465 1330 Schmalzio
1480 1301 1585 1330 autem
1606 1298 1667 1330 alio
1688 1298 1784 1331 etiam
1804 1298 1873 1331 loeo
1885 1299 1917 1338 ⁸)

136 1342 276 1380 potestas
300 1339 384 1372 facta
405 1343 454 1372 est
475 1341 550 1380 quid
572 1340 702 1372 sentiret
723 1338 926 1379 significandi.
969 1339 1125 1380 Praecipit
1146 1340 1244 1372 enim:
1288 1339 1371 1379 „Der
1393 1340 1525 1372 Dativus
1545 1349 1628 1380 poss.
1648 1340 1753 1379 dient,
1784 1349 1836 1372 um
1856 1341 1917 1372 den

138 1381 313 1415 sachlichen
337 1381 451 1420 Besitz,
474 1381 536 1412 und
558 1391 640 1412 zwar
660 1382 720 1413 den
743 1381 965 1413 occasionellen
987 1391 1027 1412 zu
1048 1381 1243 1413 bezeichnen
1287 1381 1418 1420 Sallust,
1449 1383 1506 1413 der
1534 1382 1694 1421 uberhaup
1694 1385 1709 1413 t
1735 1381 1787 1413 fiir
1807 1381 1918 1413 Dativ-

137 1423 394 1454 konstruktionen
417 1423 485 1454 eine
507 1422 710 1454 Liebhaberei
731 1423 795 1461 hat,
817 1423 931 1454 dehnte
951 1425 1056 1454 zuerst
1076 1424 1136 1455 den
1159 1422 1321 1454 Gebrauch
1349 1422 1405 1454 auf
1423 1423 1555 1463 geistige
1577 1422 1816 1463 Eigenschaften
1836 1422 1918 1462 (also

137 1465 316 1496 dauernden
338 1464 414 1495 oder
435 1464 690 1502 eigentiimlichen
713 1464 831 1499 Besitz)
862 1473 934 1503 aus,
957 1475 982 1495 z.
1009 1465 1040 1495 B.
1070 1464 1160 1503 longe
1181 1464 1256 1495 mihi
1277 1464 1339 1495 alia
1361 1474 1446 1496 199119
1467 1468 1534 1503 est,
1562 1465 1626 1496 und
1647 1464 1763 1504 Vergil,
1790 1464 1919 1503 11119199,

138 1505 275 1542 Tacitus,
307 1503 432 1536 curtius
463 1504 581 1543 folgten
612 1505 674 1535 ihm
708 1505 797 1535 darin
828 1505 923 1542 nach,
956 1514 982 1534 z.
1011 1505 1045 1536 Β.
1077 1514 1134 1544 sag
1122 1473 1149 1535 gt
1177 1505 1316 1536 Curtius:
1360 1508 1428 1536 erat
1457 1506 1560 1537 Dareo
1588 1506 1663 1537 mite
1690 1514 1728 1537 ac
1755 1505 1920 1537 tractabile

137 1545 323 1586 1113991919,ιι
341 1562 377 1567 -
394 1545 510 1585 Agmen
525 1545 659 1585 claudat,
674 1554 712 1577 ne
727 1545 905 1577 satietatem
920 1544 1056 1578 habeant
1076 1546 1249 1578 sententiae
1270 1546 1408 1578 adnexae
1422 1546 1593 1586 sententiis,
1609 1546 1844 1587 Draeger⁸),
1865 1546 1918 1587 qui

137 1590 172 1619 ut
194 1587 311 1620 assolet
331 1596 412 1627 quae
433 1591 464 1619 et
486 1588 552 1627 ipse
574 1591 606 1619 et
627 1571 681 1618 al'ii
702 1587 893 1627 collegerunt
914 1588 1017 1618 omnia
1038 1588 1188 1627 disposite
1210 1591 1304 1627 atque
1332 1589 1378 1619 ita
1399 1591 1434 1619 ut
1456 1588 1513 1620 sub
1534 1598 1629 1620 unum
1656 1590 1816 1628 aspectum
1844 1587 1918 1620 sub·

138 1629 273 1660 iciantur
293 1631 486 1668 pertractare
507 1630 585 1660 satis
606 1629 716 1666 habet;
739 1629 766 1659 is
786 1628 864 1659 nihil
886 1629 963 1659 dicit
983 1629 1045 1660 nisi
1066 1629 1158 1660 haec:
1189 1629 1286 1667 „Dem
1310 1629 1440 1660 Dativus
1462 1631 1615 1661 commodi
1636 1629 1722 1661 steht
1741 1629 1821 1661 auch
1846 1629 1920 1660 sehr

137 1670 218 1703 nahe
239 1670 290 1702 die
311 1669 432 1702 Formel
455 1669 530 1701 mihi
551 1673 599 1702 est
620 1669 737 1709 aliquid
759 1669 837 1708 „mir
857 1669 967 1710 gehort
988 1673 1083 1702 etwas
1113 1680 1162 1709 an,
1192 1669 1242 1701 ich
1263 1669 1342 1702 habe
1364 1670 1488 1702 etwas“.
1532 1671 1590 1703 Die
1611 1670 1844 1703 Grammatiker
1863 1670 1917 1702 be-

140 1712 265 1744 merken
288 1712 369 1743 dazu
389 1712 448 1742 mit
468 1712 575 1750 Recht,
598 1711 657 1743 dass
677 1711 727 1743 bei
749 1711 929 1743 Klassikern
951 1720 1011 1742 nur
1030 1712 1088 1743 der
1109 1711 1262 1743 sachliche
1284 1710 1398 1750 Besitz,
1422 1712 1507 1743 nicht
1528 1713 1598 1744 eine
1619 1711 1820 1752 Eigenschaft
1841 1712 1917 1743 oder

138 1753 189 1784 ein
211 1752 401 1784 Bestandteil
422 1752 600 1784 bezeichnet
621 1753 726 1784 wird.“
1875 1780 1878 1783 .

138 1852 211 1881 mihi
231 1853 348 1881 timor“.
378 1853 458 1882 Fons
481 1856 587 1889 autem,
610 1863 627 1881 a
642 1862 699 1889 quo
721 1852 795 1881 haec
816 1851 978 1889 repetenda
999 1855 1077 1888 sunt,
1099 1852 1125 1880 is
1146 1851 1224 1880 liber
1238 1851 1402 1880 existimari
1424 1862 1511 1889 posse
1526 1852 1654 1889 videtur,
1670 1852 1754 1881 cuius
1777 1855 1915 1885 auctores

137 1892 548 1930 Krfiger-Grotefend
569 1894 673 1929 (1842)
689 1897 767 1922 sunt.
796 1893 908 1922 Dicunt
929 1893 1007 1921 enim
1022 1893 1146 1921 verbum
1161 1893 1383 1921 substantivum
1404 1903 1564 1929 numquam
1578 1893 1641 1921 fere
1664 1893 1805 1930 coniungi
1826 1902 1916 1931 posse

141 1943 207 1963 cum
229 1934 331 1963 dativo
353 1934 532 1972 possessivo,
554 1934 613 1963 nisi
633 1944 704 1963 vera
725 1934 874 1972 possessio
895 1943 993 1962 rerum
1015 1943 1221 1971 corporearum
1242 1933 1291 1962 vel
1314 1943 1435 1971 corpore
1458 1933 1622 1962 carentium
1643 1933 1846 1971 intellegenda
1867 1934 1916 1971 sit,

137 1975 286 2013 iidemque
314 1980 430 2014 ponunt
450 1975 631 2005 locutionem
658 1976 740 2005 illam
769 1975 948 2013 singularem
978 1985 1066 2012 quam
1095 1975 1208 2013 posteri
1229 1975 1389 2013 amplexati
1417 1979 1503 2004 sunt:
1547 1975 1620 2013 „Est
1641 1975 1714 2004 mihi
1735 1975 1853 2004 timor“.
1875 1992 1915 1998 -—

138 2016 213 2045 Cum
242 2017 399 2046 formulam
427 2017 486 2046 isto
514 2017 601 2046 modo
631 2027 801 2055 expressam
831 2021 895 2045 tum
927 2017 1092 2054 exemplum
1120 2016 1317 2045 libentissimo
1347 2016 1445 2045 animo
1475 2017 1506 2045 in
1534 2027 1621 2045 usum
1649 2027 1737 2046 suum
1765 2017 1916 2046 convertit

137 2057 289 2095 Berger
309 2058 387 2094 (Lat.
409 2058 538 2087 Gramm.
563 2059 661 2095 1870),
692 2058 776 2087 cuius
797 2062 897 2087 tamen
918 2057 1061 2086 rationem
1091 2057 1207 2094 insigne
1229 2066 1294 2085 esse
1316 2057 1526 2086 documentum
1546 2057 1577 2086 in
1598 2058 1689 2087 rebus
1711 2057 1916 2095 grammaticis

138 2102 200 2127 tam
232 2099 415 2135 „liberaliter
444 2099 481 2129 de
508 2099 630 2129 alienis“
664 2110 752 2137 quam
780 2109 934 2138 perperam
963 2099 1101 2128 versandi
1130 2098 1257 2136 permiro
1285 2098 1336 2127 illo
1365 2108 1402 2127 ex
1437 2099 1547 2128 Iustini
1584 2099 1705 2138 scriptis
1739 2099 1917 2138 deprompto

139 2141 282 2177 exemplo,
304 2150 371 2168 cum
392 2150 496 2178 „reges
517 2150 570 2170 res
592 2150 749 2178 corporeas
771 2142 854 2169 esse“
875 2141 1009 2178 somniet,
1031 2140 1105 2169 satis
1129 2140 1356 2168 demonstratur.

291 2182 319 2217 1)
341 2181 519 2212 Praktische
540 2182 705 2219 Anleitung
727 2192 793 2210 zum
814 2181 1087 2218 Lateinschreffien,
1112 2183 1136 2209 1.
1159 2180 1223 2209 Teii
1244 2181 1356 2218 (1862),
1377 2181 1396 2218 ξ
1420 2181 1466 2209 79.

289 2223 319 2258 2)
339 2222 530 2251 Lateinische
553 2223 739 2251 Grammatik
767 2223 876 2259 (Laut-
904 2223 966 2251 und
991 2222 1215 2259 Formenlehre,
1244 2222 1359 2258 Syntax
1386 2221 1449 2250 und
1476 2222 1633 2260 Stilistik),
1661 2223 1830 2252 bearbeitet
1859 2233 1917 2252 von

137 2262 190 2290 Dr.
211 2261 425 2291 Friedrich
457 2263 565 2291 Stolz
596 2264 658 2292 und
686 2264 716 2292 J.
745 2264 783 2292 H.
807 2264 988 2292 Schmalz
1018 2263 1197 2299 (Handbuch
1227 2262 1280 2290 der
1309 2262 1498 2291 klassischen
1528 2262 1917 2300 Altertumswissensehaft,

133 2302 386 2340 *herausgegeben
407 2314 465 2333 von
486 2304 538 2333 Dr.
560 2305 645 2334 Iwan
666 2315 693 2334 v.
715 2305 831 2343 Miiller,
853 2306 880 2333 2.
901 2304 996 2342 Band,
1018 2305 1045 2333 2,
1066 2304 1201 2342 Auflage,
1222 2313 1290 2341 pag.
1312 2304 1392 2340 425).

286 2345 316 2380 3)
338 2344 527 2374 Historisehe
549 2345 663 2383 Syntax
685 2346 739 2375 der
759 2346 957 2375 lateinischen
979 2345 1117 2383 Spraehe,
1141 2346 1166 2374 1.
1188 2344 1283 2382 Band,
1305 2345 1332 2373 2.
1354 2344 1481 2382 Auflage
1506 2346 1594 2383 1878,
1615 2355 1683 2384 pag.
1703 2346 1773 2375 434.

715 263 848 305 werden,
870 272 958 297 vanu
978 272 1012 297 es
1033 262 1148 297 darauf
1163 261 1324 297 ankommt
1351 273 1391 296 zu
1411 272 1526 305 99399,
1557 273 1621 297 was
1639 263 1775 299 senuna
1794 263 1918 305 δαί191,
1982 262 1988 265 ’

138 555 276 596 liquido
284 556 422 594 apparet.
473 553 552 590 Quin
583 554 686 592 etiam,
717 554 745 585 si
772 553 864 585 modo
893 553 971 584 illud
1001 553 1181 592 „occasione
1209 553 1365 584 oblatum“
1394 554 1552 593 respicias,
1582 563 1642 585 non
1672 554 1719 586 ita
1746 553 1878 587 mulum
1900 562 1921 584 a
1955 578 1957 581 ⁴
1991 574 1996 579 -
