2161 2676
619 274 1041 320 ιιριῑιαΐουιιιηἮῙΙ,
1069 279 1170 321 3,1:
1221 263 1333 313 xiiiia
1360 260 1394 312 et
1382 239 1596 317 miserrimis
1621 279 1739 315 rebat.
1864 280 1888 286 '⁸

626 322 765 362 poton-s
785 318 975 353 deliberandi
996 330 1055 353 non
1076 305 1167 362 e’sset,
1188 322 1237 355 uti
1257 324 1361 354 tamen
1390 325 1444 353 tuo
1463 320 1592 354 oonsilio
1612 316 1705 354 volui.
1899 323 1906 330 ‘

319 349 485 399 meptiarum
507 356 688 400 cogitandus
708 365 771 393 est:
807 361 927 398 Quinet.
948 362 998 393 46.
1019 364 1070 393 51.
1112 365 1177 394 Att.
1200 364 1255 402 XI,
1275 364 1305 402 2,
1326 364 1364 402 43
1385 363 1471 401 XIII,
1494 364 1543 402 19,
1564 362 1609 402 2.)

253 408 257 411 “
314 408 359 449 ee)
372 405 437 442 Noc
451 418 524 441 vero
538 418 597 442 non
612 410 712 442 eidem
727 412 832 450 generi
845 410 1073 443 attribuendam
1088 420 1156 453 esse
1170 420 1301 451 censeo,
1302 421 1329 450 ‚c
1338 413 1491 444 ausam“
1492 419 1605 453 ,quae
1615 411 1667 444 nbi

166 576 291 608 minata.
320 575 515 615 Quapropter
529 576 612 615 quod
626 576 771 608 exhibent
785 577 874 609 codd.
906 577 970 608 Att.
986 576 1052 615 XV,
1077 576 1124 614 13,
1136 577 1171 608 6:
1215 577 1376 616 perscribe,
1390 586 1514 617 quaeso,
1528 586 1607 618 quae
1623 585 1720 610 cansa
1731 574 1952 619 dtxyrt‘ilo‘,

77 630 81 638 .
112 622 115 623 ’
165 616 344 656 praesertim
367 625 436 647 cum
459 625 496 648 ne
510 626 529 647 a
543 618 711 649 sententiae
732 618 856 657 quidem
878 618 996 648 ratione
1017 622 1050 648 et
1063 617 1190 649 consilio
1212 618 1325 649 habeat
1346 619 1513 658 quidquam
1528 618 1722 658 defensionis,
1742 615 1863 661 optimo
1877 619 1950 652 im
1970 641 1972 643 -

153 659 211 690 >ita
233 658 274 689 ad
295 657 505 696 integritatem
537 659 741 690 revocandum
771 668 838 690 esse
859 663 1060 697 censuerunt,
1088 662 1124 690 ut
1144 659 1329 690 scriberent:
1360 659 1489 699 Myrtili.
1530 659 1709 699 („Sehreibe
1727 658 1804 700 mir,
1832 669 1895 693 was
1914 668 1951 694 G

164 699 221 735 mit
241 697 385 738 Myrtilus
412 698 461 730 fur
489 699 557 731 eine
578 699 773 732 Bewandtnis
795 700 879 731 hat“.
922 700 965 731 At
989 700 1093 731 dativo
1114 701 1214 739 posito
1234 700 1310 732 baec
1331 702 1461 739 emergit
1481 701 1651 733 sententia:
1692 684 1861 740 „schreibt
1877 702 1950 740 nir,

164 749 225 771 was
246 739 295 771 fiir
316 740 384 771 eine
405 740 632 779 Veranlassung
661 742 701 772 M.
731 741 806 773 hat“
807 742 829 781 .)
870 741 969 780 „Puto
999 742 1116 772 Graece
1144 742 1291 781 scriptum
1320 741 1434 781 fuisse,
1464 746 1500 773 ut
1528 751 1620 781 saepe
1644 743 1796 775 eiusmodi
1824 743 1948 775 nomina

162 781 289 821 propria
309 782 339 812 in
361 781 422 813 Cic.
446 781 537 821 Epp.:
582 780 753 822 Μυρτίλοι,
775 783 907 822 indeque
927 782 1042 814 factum
1065 782 1230 822 „Myrtilo“
1252 792 1307 822 pro
1329 783 1460 822 priore,
1462 783 1618 823 ,Myrtili‘fi
1660 783 1765 815 Orelli.

313 830 374 862 Sed
390 834 557 870 sequantur
572 831 647 863 loci:
670 831 757 863 Brut.
773 832 850 863 314:
873 832 918 863 Ea
929 841 1022 864 causa
1038 832 1135 863 mihi
1128 841 1157 863 111
1175 832 1280 863 Asiam
1297 832 1508 872 proficiscendi
1524 831 1592 865 fuit.
1610 833 1657 864 De
1674 833 1735 865 inv,
1747 832 1787 872 11,
1801 833 1859 865 24:
1882 833 1949 865 Hoc

162 877 266 904 autem
281 872 348 903 loco
362 876 458 912 caput
471 872 548 904 illud
564 872 624 904 erit
639 874 819 911 accusatori,
834 874 861 905 si
876 874 1086 906 demonstrare
1102 874 1218 912 poterit
1231 874 1285 905 alii
1301 874 1411 905 nemini
1428 883 1553 906 causam
1568 873 1663 905 fuisse
1678 874 1826 912 faeie-dn
1834 880 1950 907 ‘seeun-

162 913 293 951 darium,
303 913 329 945 si
345 913 476 963 [tantam
487 914 557 954 aut]
574 918 636 946 tam
647 915 785 946 idoneam
795 915 917 946 nemini.
937 915 989 946 Sin
1003 914 1098 946 fuisse
1108 915 1179 946 aliis
1189 924 1310 954 quoque
1321 924 1415 947 causa
1422 915 1557 948 faciendi
1567 915 1731 953 videbitur,
1741 919 1797 947 aut
1809 919 1949 955 potestas

162 937 297 988 defuisse
318 954 388 986 aliis
409 955 647 987 demonstranda
668 960 717 987 est
737 960 792 987 aut
812 956 945 988 facultas
966 961 1022 988 aut
1042 957 1191 987 voluntas.
1224 958 1263 988 de
1284 961 1361 987 orat.
1376 957 1416 995 ΙΙ,
1438 957 1515 988 367;
1544 956 1586 994 Si,
1606 957 1689 995 quod
1709 939 1867 989 difficilius
1887 960 1948 996 est,
2006 970 2011 973 -

161 995 219 1027 ιὶιιὶ
249 995 388 1035 reliquit,
415 999 464 1027 est
485 996 572 1028 nobis
596 1014 633 1019 -
655 1006 758 1035 causa,
790 1006 844 1027 cur
866 1002 897 1028 te
923 998 1031 1028 audire
1052 998 1229 1036 cupiamus;
1251 998 1316 1035 sin,
1347 998 1427 1036 quod
1448 997 1587 1034 facilius,
1606 965 1675 1029 qtibi
1696 1005 1791 1029 causa
1810 1006 1870 1030 non
1890 1001 1950 1036 est,

161 1046 216 1069 cur
237 1045 369 1068 recuses,
413 1037 535 1074 Quinct.
556 1039 614 1069 58:
646 1038 784 1070 Litterae
812 1038 844 1070 P.
868 1038 999 1076 Quincti,
1021 1041 1117 1069 testes
1138 1041 1194 1077 tot,
1216 1038 1327 1078 quibus
1349 1039 1489 1070 omnibus
1512 1047 1604 1071 causa
1624 1038 1793 1071 iustissima
1813 1042 1873 1077 est,
1893 1047 1950 1071 cur

163 1078 242 1110 scire
263 1079 428 1117 potuerint,
450 1078 543 1118 nulla,
565 1088 619 1110 cur
641 1080 839 1119 mentiantur,
861 1088 929 1111 cum
951 1079 1176 1119 adstipulatore
1198 1083 1250 1111 tuo
1270 1080 1539 1119 comparabuntur.
1582 1080 1670 1112 Rosc.
1693 1081 1760 1111 Διιι.
1777 1082 1835 1112 41:
1865 1080 1950 1113 Illud

163 1119 224 1151 iam
247 1119 441 1159 perspicuum
463 1120 600 1160 profecto
622 1124 679 1158 est,
710 1121 736 1152 si
759 1129 856 1160 neque
876 1130 982 1153 amens
1004 1124 1094 1161 pater
1116 1130 1214 1161 neque
1235 1122 1375 1161 perditus
1396 1120 1477 1153 filius
1498 1121 1599 1159 fuerit,
1621 1130 1718 1161 neque
1738 1121 1801 1153 odii
1823 1130 1948 1154 musam

163 1161 244 1201 patri
266 1170 364 1201 neque
385 1161 508 1193 sceleris
529 1161 593 1193 filio
614 1162 716 1194 fuisse.
760 1163 844 1194 Verr.
867 1162 908 1201 II,
931 1163 984 1194 13:
1018 1162 1189 1202 Reperietis
1209 1163 1299 1201 enim,
1325 1172 1404 1202 quae
1425 1172 1536 1195 causae
1557 1163 1788 1195 benevolentiae
1814 1163 1948 1195 Mamer-

163 1203 235 1234 tinis
257 1212 331 1242 erga
353 1203 446 1234 istum
469 1204 540 1243 sint,
571 1213 623 1235 eas
644 1204 728 1243 ipsas
749 1213 859 1236 causas
881 1204 957 1235 satis
979 1205 1078 1236 iustas
1099 1213 1166 1236 esse
1188 1205 1403 1236 damnationis
1438 1205 1479 1236 ib.
1500 1205 1536 1242 V,
1562 1205 1637 1236 146:
1659 1204 1727 1236 Non
1750 1205 1950 1244 providerant

162 1253 215 1275 eas
237 1244 323 1283 ipsas
344 1245 403 1275 sibi
424 1253 533 1277 causas
556 1254 622 1276 esse
643 1245 780 1285 periculi,
802 1246 912 1285 quibus
933 1247 1123 1284 argumentis
1154 1255 1186 1277 se
1208 1247 1248 1277 ad
1277 1246 1407 1278 salutem
1438 1247 1484 1277 uti
1506 1246 1747 1278 arbitrabantur.
1790 1246 1870 1278 sest.
1890 1245 1948 1279 52:

162 1285 268 1325 Neque
298 1286 358 1317 erit
375 1286 461 1325 justa
489 1295 585 1318 causa
605 1287 646 1317 ad
675 1291 781 1326 portas
810 1287 929 1318 sedenti
950 1288 1145 1334 imperatori,
1174 1297 1269 1327 quare
1298 1296 1387 1319 suum
1411 1291 1558 1318 terrorem
1589 1287 1666 1319 falso
1684 1287 1798 1326 jactari
1818 1288 1947 1327 opponi-

162 1335 221 1366 que
242 1326 388 1366 patiatur.
432 1327 513 1359 Cael.
534 1328 593 1359 21:
636 1328 695 1359 Sed
725 1332 847 1360 vestrae
877 1328 1049 1367 sapientiae
1071 1333 1173 1360 tamen
1201 1332 1267 1367 est,
1299 1329 1425 1366 iudices,
1448 1337 1515 1366 non,
1536 1330 1562 1360 si
1585 1337 1679 1360 causa
1700 1329 1782 1360 iusta
1802 1331 1851 1360 est
1872 1329 1949 1361 viris

161 1367 293 1399 fortibus
314 1369 511 1408 oppugnandi
534 1369 574 1400 M.
598 1368 745 1408 Caelium,
767 1370 836 1400 ideo
858 1369 946 1400 vobis
974 1378 1096 1409 quoque
1123 1379 1178 1401 vos
1206 1379 1329 1401 causam
1360 1374 1469 1409 putare
1498 1379 1567 1401 esse
1587 1370 1700 1401 iustam
1722 1369 1821 1401 alieno
1848 1370 1947 1401 dolori

163 1409 266 1448 potius
294 1417 385 1447 quam
410 1413 529 1441 vestrae
550 1409 622 1441 fidei
644 1394 829 1441 consu'lendi.
873 1410 950 1442 Phil.
972 1411 1013 1449 11,
1033 1411 1091 1441 53:
1134 1410 1267 1448 Omitto,
1298 1420 1390 1450 quam
1421 1411 1497 1442 haec
1518 1410 1605 1448 falsa,
1633 1420 1725 1450 quam
1746 1411 1836 1449 levia,
1857 1420 1947 1450 prae—

162 1450 267 1481 sertim
290 1458 358 1481 cum
380 1450 501 1481 omnino
523 1450 607 1482 nulla
628 1459 721 1482 causa
742 1452 824 1482 iusta
846 1451 987 1490 cuiquam
1010 1460 1076 1482 esse
1090 1452 1190 1491 possit
1211 1455 1317 1483 contra
1332 1452 1468 1499 patriam
1491 1460 1578 1483 arma
1598 1451 1751 1491 capiendi.
1772 1451 1813 1482 ib.
1836 1451 1872 1491 V,
1890 1451 1945 1483 19:

162 1490 246 1523 Haec
267 1509 309 1514 —-
323 1491 350 1522 ei
372 1500 464 1523 causa
490 1500 557 1523 esse
577 1491 768 1523 declamandi
796 1492 881 1524 solet.
914 1492 1025 1531 VI,1:
1055 1493 1156 1524 Causa
1183 1492 1360 1524 fortissimis
1389 1493 1575 1532 optimisque
1601 1492 1775 1525 consulibus
1796 1492 1946 1524 Kalendis

161 1532 312 1564 Ianuariis
334 1534 374 1563 de
395 1533 553 1572 republica
573 1534 706 1572 primum
728 1533 879 1564 referendi
909 1533 968 1564 fuit
989 1543 1026 1565 ex
1048 1542 1099 1572 eo,
1127 1534 1210 1572 quod
1231 1534 1308 1565 XIII
1331 1534 1486 1565 Kalendas
1515 1534 1579 1565 Ian.
1602 1537 1729 1565 senatus
1751 1542 1800 1564 me
1819 1537 1946 1565 auctone

161 1574 307 1605 decrevit.
350 1574 438 1605 Font.
459 1575 516 1606 22:
553 1574 614 1605 Vos
636 1578 668 1605 et
688 1574 811 1613 saepius
832 1575 958 1605 eandem
982 1583 1046 1605 rem
1068 1574 1177 1605 animis
1200 1575 1320 1613 agitare
1350 1578 1383 1606 et
1404 1575 1521 1606 diutius
1555 1583 1614 1605 uno
1644 1575 1683 1605 de
1706 1578 1787 1606 teste
1808 1575 1945 1614 cogitare

161 1615 291 1654 potestis
313 1618 355 1653 et,
377 1615 404 1647 si
426 1624 515 1655 quem
537 1624 591 1647 nos
612 1616 800 1656 interrogare
822 1614 982 1654 noluimus,
1004 1624 1083 1654 quae
1104 1624 1197 1646 causa
1219 1615 1307 1647 nobis
1328 1616 1451 1647 tacendi
1473 1615 1585 1654 fuerit,
1615 1615 1794 1647 existimare
1813 1615 1944 1648 debetis.

162 1656 280 1688 Cluent.
302 1657 360 1689 20:
383 1656 471 1689 Nunc
486 1657 544 1689 hoc
565 1657 642 1689 scire
656 1666 710 1688 vos
726 1657 817 1696 volui,
840 1656 953 1688 nullam
969 1657 1040 1688 huic
1055 1657 1147 1688 aliam
1161 1658 1325 1689 accusandi
1340 1666 1463 1688 causam
1486 1657 1590 1696 fuisse,
1612 1657 1671 1688 nisi
1694 1661 1730 1688 ιιι
1750 1657 1942 1697 propositum

160 1697 242 1729 vitae
264 1698 432 1737 periculum
462 1702 493 1730 et
524 1698 693 1730 cotidianas
722 1699 832 1738 capitis
857 1698 983 1729 insidias
1012 1698 1068 1729 hac
1099 1707 1159 1728 una
1186 1698 1305 1729 ratione
1327 1699 1450 1729 vitaret.
1481 1699 1520 1730 ib.
1545 1698 1624 1730 169:
1646 1716 1687 1719 —
1709 1698 1845 1730 Primum
1866 1698 1942 1730 illud

160 1748 282 1779 quaero,
304 1748 381 1779 quae
403 1749 496 1772 causa
519 1740 631 1772 Habito
652 1739 754 1778 fuerit,
775 1748 830 1771 cur
850 1738 1019 1771 interficere
1041 1739 1243 1779 Oppianicum
1266 1739 1365 1772 vellet.
1409 1739 1485 1771 Rab.
1509 1739 1590 1772 Post.
1613 1740 1676 1771 32:
1720 1739 1763 1772 Et
1783 1739 1830 1772 ait
1849 1739 1942 1772 etiam

164 1790 250 1811 meus
272 1780 434 1813 familiaris
456 1786 488 1812 et
517 1782 709 1813 necessarius
730 1782 857 1812 eandem
880 1790 1003 1812 causam
1026 1781 1241 1812 Alexandrinis
1262 1781 1368 1819 fuisse,
1397 1791 1451 1812 cur
1472 1781 1633 1812 laudarent
1665 1781 1841 1819 Gabinium,
1863 1790 1943 1820 quae

162 1822 236 1852 mihi
259 1821 363 1861 fuerit,
385 1831 440 1853 cur
460 1823 590 1853 eundem
613 1822 817 1853 defenderem.
859 1822 925 1852 Fin.
948 1821 1000 1859 IV,
1022 1822 1058 1852 3.
1096 1821 1245 1852 Existimo
1274 1822 1369 1861 igitur
1391 1841 1429 1845 —
1452 1826 1571 1853 veteres
1601 1821 1670 1853 illos
1690 1805 1841 1853 Platonis
1854 1822 1943 1853 audi-

161 1867 243 1894 tores
264 1881 304 1886 —
326 1864 402 1895 satis
423 1867 456 1896 et
477 1864 598 1904 copiose
619 1869 651 1896 et
672 1863 829 1902 eleganter
850 1863 994 1895 habuisse
1016 1863 1215 1894 constitutam
1236 1863 1441 1903 disciplinam,
1465 1866 1499 1894 ut
1520 1871 1580 1894 non
1602 1866 1685 1894 esset
1705 1871 1801 1895 causa
1818 1862 1943 1902 Zenoni,

161 1913 229 1935 cum
251 1905 446 1936 Polemonem
469 1906 615 1943 audisset,
632 1914 687 1936 cur
709 1910 740 1936 et
762 1905 800 1935 ab
823 1914 858 1936 eo
880 1905 946 1944 ipso
968 1908 999 1935 et
1013 1914 1032 1935 a
1045 1904 1254 1943 superioribus
1274 1905 1447 1936 dissideret.
1481 1905 1520 1935 ib.
1546 1905 1601 1936 19:
1636 1904 1828 1936 Fatebuntur
1848 1887 1944 1936 Stoici

161 1945 237 1977 haec
257 1946 360 1977 omnia
380 1947 464 1978 dicta
485 1955 551 1978 esse
572 1947 739 1986 praeclare,
762 1955 858 1986 neque
879 1954 946 1977 eam
968 1953 1093 1977 causam
1108 1945 1219 1976 Zenoni
1241 1945 1430 1977 desciscendi
1450 1945 1556 1977 fuisse.
1578 1945 1618 1976 ib.
1633 1945 1690 1977 44:
1725 1946 1827 1984 Atque
1840 1944 1943 1984 adhuc

161 1996 199 2018 ea
220 1987 292 2027 dixi,
314 1996 409 2020 causa
426 1997 485 2020 cur
506 1988 616 2020 Zenoni
640 1997 697 2020 non
719 1987 836 2026 fuisset,
855 1996 946 2027 quam
966 1987 1003 2019 ob
1026 1996 1087 2019 rem
1110 1996 1129 2018 a
1150 1987 1339 2027 superiorum
1362 1987 1548 2019 auctoritate
1568 1987 1751 2019 discederet.
1781 1986 1827 2019 De
1847 1987 1945 2019 divin.

160 2028 185 2067 Ι,
207 2029 264 2060 94;
309 2030 425 2061 Arabes
447 2047 486 2052 —
508 2034 539 2062 et
560 2030 699 2069 Phryges
721 2035 751 2061 et
773 2029 890 2068 Cilices,
913 2030 994 2068 quod
1015 2034 1106 2068 pastu
1129 2029 1279 2067 pecudum
1302 2038 1442 2060 maxume
1472 2032 1601 2060 utuntur
1621 2037 1747 2067 campos
1767 2033 1801 2059 et
1821 2031 1944 2061 nontoe

161 2053 260 2100 h’ieme
281 2074 313 2101 et
335 2074 454 2102 aestate
476 2075 685 2110 peragrantes,
707 2074 872 2109 propterea
892 2069 1011 2101 facilius
1032 2074 1140 2101 cantus
1161 2070 1262 2100 avium
1291 2073 1323 2100 et
1345 2069 1466 2100 volatus
1489 2072 1688 2107 notaverunt;
1721 2069 1891 2109 eademque
1911 2073 1945 2101 et

163 2109 297 2142 Pisidiae
318 2120 412 2143 causa
432 2111 492 2143 fuit
513 2115 546 2144 et
567 2112 646 2143 huic
659 2114 782 2143 nostrae
806 2111 956 2143 Umbriae.
987 2111 1033 2142 De
1054 2110 1112 2150 leg.
1134 2110 1180 2148 11,
1206 2111 1243 2142 4:
1287 2110 1353 2149 Ego
1375 2119 1446 2142 vero
1477 2110 1532 2142 tibi
1563 2110 1655 2142 istam
1682 2110 1795 2141 iustam
1816 2118 1944 2142 causam

160 2158 245 2190 puto,
274 2161 328 2184 cur
357 2153 417 2185 huc
438 2153 583 2185 libentius
614 2153 718 2185 venias
745 2157 839 2193 atque
861 2153 941 2184 hunc
969 2153 1066 2185 locum
1083 2119 1213 2191 gdiligas.
1244 2152 1290 2183 De
1319 2161 1381 2190 rep.
1404 2152 1430 2190 Ι,
1456 2152 1492 2183 9:
1535 2152 1667 2183 Proinde
1688 2152 1779 2191 quasi
1800 2151 1889 2184 bonis
1910 2157 1945 2183 et

160 2193 291 2224 fortibus
311 2198 343 2225 et
365 2203 475 2233 magno
496 2195 598 2226 animo
619 2194 769 2234 praeditis
789 2194 853 2226 ulla
874 2194 917 2225 sit
936 2194 977 2225 ad
999 2203 1062 2225 rem
1077 2193 1229 2233 publicam
1250 2194 1384 2224 adeundi
1405 2201 1498 2225 causa
1512 2193 1631 2232 iustior,
1652 2201 1746 2232 quam
1760 2202 1801 2225 ne
1813 2197 1946 2233 pareant

161 2233 307 2274 improbis
328 2245 406 2268 neve
427 2236 467 2268 ab
488 2236 585 2269 isdem
607 2236 736 2269 lacerari
757 2245 821 2268 rem
842 2235 996 2276 publicam
1017 2236 1192 2275 patiantur,
1221 2244 1288 2267 cum
1310 2234 1371 2274 ipsi
1393 2244 1431 2266 au
1454 2234 1539 2266 ilium
1561 2233 1651 2273 ferre,
1671 2234 1699 2266 si
1720 2235 1857 2275 cupiant,
1884 2243 1944 2267 non

160 2280 283 2315 queant.
313 2277 355 2309 ib.
376 2278 435 2318 ΙΙΙ,
458 2279 513 2310 13;
546 2279 632 2316 Quae
653 2278 733 2310 enim
754 2278 793 2310 iis
814 2277 969 2310 scribendi
990 2277 1053 2309 alia
1073 2286 1166 2308 causa
1187 2279 1243 2307 aut
1263 2277 1344 2324 quod
1365 2285 1487 2308 omnio
1469 2275 1669 2308 oconsilium
1690 2275 1775 2309 fuit?
1811 2276 1897 2309 Fam.
1919 2276 1944 2315 Ι,

160 2319 267 2356 9,18:
300 2319 401 2358 Atque
416 2319 495 2352 hanc
509 2320 632 2360 quidem
647 2320 700 2352 ille
714 2328 837 2351 cansam
852 2319 911 2351 sibi
932 2319 977 2351 ait
992 2327 1049 2350 non
1064 2318 1261 2367 attingendae
1276 2318 1320 2350 rei
1335 2318 1475 2357 publicae
1505 2318 1597 2357 uisse,
1618 2318 1701 2358 quod
1715 2335 1751 2341 -
1758 2317 1848 2355 ,111,
1862 2318 1894 2357 4,
1908 2317 1945 2351 2:

159 2342 248 2397 Q'uod
269 2360 379 2393 scribis
400 2360 457 2392 tibi
478 2362 623 2394 manendi
645 2370 768 2393 causam
790 2370 857 2393 eam
878 2360 983 2400 fuisse,
1005 2363 1041 2392 ut
1062 2370 1110 2392 me
1131 2360 1326 2396 convenires,
1355 2360 1387 2391 id
1408 2360 1493 2398 mihi,
1514 2369 1555 2392 ne
1576 2360 1719 2399 mentiar,
1741 2363 1791 2393 est
1811 2364 1944 2399 gratum

1707 2409 1744 2438 3*

70 469 126 490 a.
165 441 282 485 da'tivi
292 451 459 491 possessivi
490 454 646 483 structura
668 455 846 492 usurpata,
849 453 1076 490 ,subiectivam“
1106 454 1194 492 quasi
1216 455 1369 493 quandam
1399 437 1587 493 potestatem
1618 452 1717 486 hahet-
1733 452 1766 485 h.
1785 462 1814 485 ο.
1833 462 1873 487 ιιι
1892 457 1952 494 ut,
2113 433 2120 440 ⁸

165 500 227 533 qua
254 493 323 532 quis
353 494 389 523 ut
416 492 534 540 aliquid
562 492 657 524 faciat
684 498 920 525 commoveatur.
964 493 1168 532 Subiungitur
1195 499 1251 525 aut
1280 495 1440 533 genetivus
1466 494 1651 527 obiectivus
1656 494 1873 536 (substantivi
1879 496 1948 530 sive

166 533 323 574 gerundii)
344 537 400 565 aut
419 533 591 565 enuntiatio
611 534 834 575 interrogativa
855 534 980 574 obliqua
1001 535 1182 575 particula,
1184 537 1265 573 ,‘cur‘
1287 536 1351 567 sive
1373 536 1525 568 locutione
1546 544 1658 576 „quam
1679 535 1720 568 ob
1740 535 1827 568 Μ’*
1842 531 1951 570 doter-

2090 425 2116 483 '42⁴4

2123 552 2134 565 '⁴
2127 493 2144 527 Γ-
2114 442 2140 480 ᾧ..
2130 412 2141 419 a

2159 714 2161 721 ,
2137 654 2146 661 “
2141 583 2161 592 .¹.
2140 536 2161 567 ·:·.·*
2123 412 2161 523 maitia-
