2161 2676
170 176 220 216 10,
239 177 257 208 7
268 187 276 209 z
310 176 389 209 Eam
410 184 537 219 causam
559 175 668 218 multis
688 177 814 209 omnino
835 185 895 209 non
917 176 1012 216 eundi
1032 173 1137 218 fuisse.
1152 174 1266 215 ivm,
1291 176 1314 208 ²1¹

167 218 358 258 properandi
379 218 440 250 isto
461 216 547 255 mihi,
569 217 653 257 quod
675 221 708 249 te
729 218 836 251 videre
857 222 890 250 et
910 217 1020 255 omnia,
1034 216 1145 249 intima
1156 214 1307 248 conferre
1328 212 1599 293 discupiosfffi-
1615 249 1619 252 ,

167 276 209 281 -
230 268 313 301 quae
340 258 399 291 tibi
420 262 525 294 essent
544 254 662 300 ἐποχῆς
684 268 814 298 causae,
844 264 876 290 et
897 262 986 290 erant
1014 258 1141 293 eaedem
1164 257 1249 289 mihi.
1279 256 1351 295 XII,
1374 257 1424 297 14,
1445 258 1485 289 3:
1594 258 1688 293 tudo⁴
1798 292 1801 294 ,
1848 292 1853 300 ‚

169 300 224 333 sed
246 300 345 332 multo
365 299 437 339 plus
457 298 632 339 proficeret,
655 300 682 331 si
705 304 740 331 tu
761 304 866 331 tamen
888 300 1080 337 interesseS,
1095 308 1175 339 quae
1201 299 1277 330 mihi
1298 307 1362 330 una
1382 307 1479 330 causa
1499 301 1555 331 aa·
1568 298 1640 332 hinc
1661 299 1850 342 discedendii

167 341 220 381 10,
240 341 279 378 ὃς
303 341 407 377 Plane,
428 341 504 380 quid
527 341 578 379 sit,
601 350 661 372 non
683 341 839 380 intelligo:
863 340 1044 380 explanabis
1065 340 1177 380 igitur3
1199 348 1384 380 quamquam
1408 338 1487 379 nihil
1502 339 1612 380 habeo,
1633 339 1888 381 quodrdubltmn,

167 383 179 414 i
202 383 227 421 .'
250 382 356 423 Magio
383 390 464 422 quae
484 381 579 414 fuerit
601 391 696 414 causa
717 383 889 421 amentiae,
921 391 978 422 pro
1008 384 1069 422 quo
1099 382 1224 421 quidem
1255 381 1349 413 etiam
1378 389 1509 421 sponsor
1531 380 1619 422 Sunii
1647 380 1825 424 factus-est.
1855 381 1968 422 27,·1v.
1991 407 2004 424 .·

210 425 252 456 ud
273 433 347 456 vero
368 423 416 456 vel
438 423 564 464 optime,
587 425 670 463 quod
692 424 738 455 ita
759 424 856 455 multa
879 424 994 455 mutari
1016 423 1142 461 volunt,
1171 428 1207 454 ut
1235 422 1310 454 mihi
1331 423 1371 455 de
1399 423 1521 463 integro
1543 422 1698 456 scribendi
1719 425 1814 456 causa
1835 433 1896 456 non
1917 424 1978 457 sit..
2011 436 2014 438 ’

167 465 236 505 XV,
257 466 288 504 5,
309 467 348 497 2:
390 465 459 504 Ego
480 469 585 496 autem
598 490 606 503 ,
639 466 734 497 etiam
768 470 803 497 ut
834 466 952 497 nullum
981 465 1150 504 periculum
1184 465 1241 503 sit,
1273 467 1394 496 tantum
1424 464 1513 496 abest
1543 468 1578 496 ut
1600 463 1729 497 Antonii
1758 466 1968 505 suspicionem

172 506 282 547 fugere
303 515 384 538 nunc
405 515 520 545 curem,
542 515 581 537 ne
603 507 711 538 videar
733 507 801 538 eius
823 507 968 538 secundis
990 506 1083 537 rebus
1104 515 1164 537 non
1186 505 1346 544 delectari,
1368 509 1404 536 ut
1425 505 1501 537 mihi
1522 514 1617 537 causa
1638 515 1675 537 ea
1696 507 1747 545 sit,
1769 515 1825 538 cur
1839 506 1968 539 Romam

170 548 276 580 venire
297 547 402 586 nolim,
423 556 463 579 ne
484 547 570 579 illum
594 548 724 579 videam.
750 548 837 587 VIII,
860 548 888 585 2,
911 548 946 579 4:
991 547 1047 578 Est
1069 546 1145 578 mihi
1167 551 1331 586 praeterea
1352 547 1520 586 praecipua
1549 556 1643 578 causa
1665 547 1818 586 manendi,
1846 548 1886 580 de
1907 556 1968 588 qua

168 589 287 621 utinam
310 589 477 628 aliquando
498 592 600 620 tecum
623 589 748 629 loquar!

319 644 371 684 ζζ)
394 645 617 685 cognationem
633 647 868 685 grammaticam
884 655 952 677 cum
968 646 1006 676 iis
1050 654 1105 676 uas
1121 646 1210 676 inodo
1227 645 1473 677 enumeravimus
1488 645 1664 689 notionibus
1686 645 1801 677 habere
1823 646 1980 678 videntur

165 688 290 718 nomina
311 687 362 719 ius
382 690 634 726 potestatemque
656 687 772 727 aliquid
796 687 929 719 faciendi
952 687 1031 726 signi
1056 687 1167 718 cantia.

318 736 498 767 Cemmer
509 745 526 767 c
538 737 578 767 iu
588 746 626 767 m.
652 736 739 768 Verr.
754 737 810 774 III,
829 738 886 768 93:
911 736 1029 766 Arabat
1044 737 1071 767 is
1086 745 1194 775 agrum
1211 737 1395 767 conductum
1410 736 1443 767 in
1459 736 1648 775 Segestano;
1671 745 1741 767 nam
1756 737 1970 768 commercium
2022 742 2025 746 ’

167 778 199 809 in
216 786 254 809 eo
269 786 346 818 agro
361 778 475 808 nemini
491 780 547 809 est.
571 777 611 816 11,
629 778 701 808 124:
733 778 927 817 Agrigentini
943 778 984 808 ad
999 777 1092 808 istum
1110 777 1231 817 legatos
1246 777 1383 815 mittunt,
1405 777 1457 818 qui
1473 786 1542 808 eum
1557 777 1641 817 leges
1655 774 1788 809 doceant
1801 782 1968 811 consuetu-

167 819 334 859 dinemque
356 819 491 850 omnium
515 828 664 850 annorum
688 819 911 856 demonstrent,
933 823 969 850 ut
991 819 1049 850 iste
1071 818 1268 858 intellegeret
1298 819 1325 850 ei
1346 828 1380 850 se
1402 818 1489 850 illum
1514 818 1615 850 locum
1637 819 1830 858 vendidisse,
1861 820 1910 851 cui
1932 828 1970 850 ne

167 861 384 893 commercium
406 861 531 901 quidem
553 870 622 892 esse
644 864 810 901 oporteret.

321 911 395 942 Ius.
418 911 506 943 Verr.
530 911 570 950 11,
593 911 649 942 39:
693 912 769 943 Cum
792 912 833 950 id,
856 912 938 950 quod
962 920 1068 942 omnes
1090 910 1323 950 intellegebant,
1354 911 1472 942 diceret
1495 910 1668 949 Heraclius,
1690 914 1808 942 certum
1832 911 1880 942 ius
1903 919 1971 942 esse

169 952 282 985 Siculis
310 953 392 984 inter
423 961 467 990 se,
497 962 559 992 quo
591 953 658 984 iure
685 957 860 991 certarent,
890 953 989 991 legem
1019 961 1088 983 esse
1111 952 1276 991 Rupiliam,
1309 969 1349 973 —
1372 952 1497 991 negavit
1518 961 1552 983 se
1573 952 1692 984 iudices
1714 961 1731 983 e
1754 952 1822 992 lege
1844 952 1970 991 Rupilia

169 994 364 1025 sortiturum.
394 994 441 1025 De
462 993 521 1032 leg.
544 994 602 1032 111,
625 994 682 1025 40:
727 995 846 1025 Deinde
869 994 1019 1033 sequitur,
1042 993 1154 1034 quibus
1175 994 1224 1024 ius
1246 993 1288 1025 sit
1310 1002 1380 1025 cum
1402 993 1515 1033 populo
1540 993 1654 1032 agendi
1682 996 1737 1025 aut
1758 1002 1827 1026 cum
1850 997 1971 1025 senatu.

168 1035 247 1071 Tim.
279 1035 337 1067 31:
385 1035 471 1067 Deus
499 1036 567 1075 ipse
600 1036 696 1068 solem
727 1037 815 1076 quasi
850 1036 953 1067 lumen
984 1035 1124 1067 accendit
1154 1036 1195 1066 ad
1226 1036 1393 1067 secundum
1422 1044 1519 1074 supra
1546 1037 1663 1067 terram
1685 1034 1845 1074 ambitum,
1874 1038 1909 1067 ut
1934 1052 1967 1059 —

170 1078 355 1114 animantes,
385 1076 496 1116 quibus
521 1078 570 1108 ius
592 1081 676 1108 esset
697 1078 821 1115 doceri,
852 1078 890 1107 ab
912 1078 1049 1108 eiusdem
1072 1081 1158 1107 motu
1188 1080 1220 1107 et
1241 1076 1280 1107 ab
1303 1077 1386 1114 eiuS,
1414 1077 1498 1115 quod
1519 1076 1620 1108 simile
1642 1080 1739 1114 esset,
1769 1086 1968 1108 numerorum

169 1122 313 1149 naturam
328 1118 453 1157 vimque
468 1121 698 1157 cognoscerent.
717 1136 756 1140 —
773 1117 874 1149 Aliter
890 1135 928 1138 —
944 1117 981 1149 cf.
998 1127 1022 1148 s.
1038 1127 1062 1148 s.
1080 1127 1105 1147 v.
1121 1117 1265 1156 ‚‚aditus“
1281 1134 1320 1139 -
1341 1116 1379 1147 ob
1401 1117 1644 1156 praedicativam
1671 1118 1804 1148 nominis
1825 1121 1968 1148 naturam

169 1159 370 1191 iudicandum
401 1162 451 1191 est
480 1159 520 1190 de
548 1159 625 1190 locis
647 1158 726 1191 Phil.
750 1158 835 1196 VIII,
858 1159 914 1190 28:
957 1158 1013 1190 Cui
1036 1163 1143 1198 portas
1172 1159 1265 1190 huius
1287 1158 1371 1190 urbis
1392 1162 1500 1198 patere
1521 1158 1571 1190 ius
1592 1168 1653 1190 non
1676 1162 1751 1191 erat.
1785 1159 1831 1190 De
1853 1162 1923 1191 orat
1944 1159 1969 1196 I,

172 1201 248 1232 177:
272 1200 330 1232 Cui
345 1201 462 1232 Romae
477 1201 620 1232 exsulare
642 1201 690 1232 ius
709 1204 801 1232 esset.
827 1202 871 1232 Ac
886 1210 925 1232 ne
940 1201 962 1231 ii
978 1201 1102 1239 quidem
1118 1200 1188 1238 loci,
1203 1200 1315 1239 quibus
1336 1200 1450 1231 locutio
1473 1200 1508 1238 „f
1512 1209 1554 1231 as
1570 1200 1651 1231 est“
1667 1200 1723 1238 (τε
1737 1200 1824 1239 licet)
1839 1209 1863 1231 c.
1885 1199 1968 1231 infin.

169 1243 334 1273 coniuncta
355 1242 478 1281 legitur,
501 1242 568 1280 apti
589 1242 743 1279 videntur,
765 1242 877 1281 quibus
905 1242 1028 1272 dativus
1057 1242 1247 1280 possessioni
1275 1241 1436 1272 absolutae
1466 1242 1674 1279 designandae
1702 1242 1873 1273 inserviens
1894 1250 1968 1273 con-

169 1282 327 1314 firmetur:
372 1282 437 1314 Mil.
462 1283 498 1314 7:
536 1282 660 1323 Negant
688 1283 802 1314 intueri
829 1283 929 1314 lucem
952 1292 1020 1314 esse
1050 1282 1099 1314 fas
1129 1283 1168 1321 ei,
1198 1283 1250 1322 qui
1273 1292 1292 1313 a
1314 1291 1348 1314 se
1376 1282 1529 1313 hominem
1560 1282 1693 1314 occisum
1724 1291 1792 1314 esse
1822 1282 1968 1314 fateatur.
2004 1298 2006 1300 ·

168 1324 273 1356 Plane.
295 1324 354 1356 56:
397 1323 466 1355 Non
489 1334 549 1363 quo
571 1324 647 1355 mihi
669 1323 717 1356 fas
740 1325 781 1355 sit
804 1325 966 1364 quicquam
983 1323 1141 1363 defugere,
1171 1324 1255 1363 quod
1277 1323 1361 1355 salus
1383 1323 1490 1355 Planci
1512 1323 1666 1362 postulet,
1697 1325 1752 1356 sed
1774 1324 1847 1363 quia
1869 1349 1874 1355 .
1900 1349 1906 1355 .
1930 1349 1936 1355 .
1960 1348 1970 1355 .

168 1364 258 1397 offic.
279 1365 337 1403 111,
359 1365 416 1396 34:
446 1366 492 1396 Ac
506 1366 640 1404 primum
655 1366 687 1396 in
710 1365 767 1396 hoc
784 1365 951 1397 Panaetius
970 1365 1182 1396 defendendus
1205 1368 1262 1403 est,
1285 1365 1368 1404 quod
1383 1374 1444 1396 non
1467 1364 1557 1396 utilia
1578 1373 1646 1396 cum
1668 1365 1808 1396 honestis
1829 1366 1978 1404 pugnare
2003 1389 2009 1395 .

168 1406 337 1447 aliquando
358 1415 451 1446 posse
473 1406 587 1438 dixerit
608 1407 723 1446 (neque
737 1407 817 1437 enim
840 1406 869 1438 ei
885 1405 932 1438 fas
955 1409 1023 1438 erat
1045 1415 1086 1438 sc.
1103 1406 1231 1445 dicere),
1254 1406 1309 1437 sed
1331 1415 1378 1443 ea,
1400 1411 1479 1446 quae
1498 1406 1679 1438 viderentur
1700 1406 1798 1438 utilia.
1821 1406 1868 1438 De
1889 1410 1967 1438 orat.

168 1448 194 1486 1,
218 1449 293 1480 107:
328 1448 557 1479 Auctoritatem
580 1452 665 1479 tuam
688 1448 856 1487 negligere,
881 1447 1037 1485 Scaevola,
1060 1447 1108 1478 fas
1130 1447 1204 1478 mihi
1227 1456 1286 1478 non
1310 1456 1379 1478 esse
1395 1450 1479 1486 puto.
1508 1447 1593 1478 Fam.
1610 1447 1646 1485 X,
1665 1448 1716 1486 28,
1740 1448 1774 1479 1:
1797 1447 1968 1486 Interdum,

166 1489 251 1529 quod
280 1488 357 1520 mihi
386 1489 438 1520 vix
459 1488 508 1520 fas
536 1492 600 1527 est,
632 1488 688 1520 tibi
710 1488 895 1520 subirascor.
922 1506 954 1511 —
982 1487 1114 1520 Prorsus
1143 1489 1276 1528 denique
1307 1497 1327 1519 a
1348 1488 1445 1520 dativi
1468 1489 1637 1528 possessivi
1658 1489 1779 1520 ratione
1801 1488 1970 1521 abhorrere

167 1530 401 1570 apertissimum
424 1534 474 1562 est
495 1531 578 1570 quod
600 1533 704 1562 exstat
725 1530 789 1562 Mil.
813 1530 870 1562 74:
904 1525 1011 1562 Occidi
1034 1548 1074 1553 —
1096 1539 1176 1569 eum,
1193 1530 1242 1562 cui
1258 1530 1333 1562 nihil
1348 1539 1492 1570 umquam
1515 1530 1604 1562 nefas
1626 1530 1687 1562 fuit
1707 1539 1764 1562 nec
1784 1531 1818 1562 in
1834 1530 1987 1563 facinore.
2036 1533 2041 1537 ’

167 1581 225 1604 nec
251 1573 284 1604 in
323 1571 453 1603 libidine
482 1590 540 1611 —,
577 1573 625 1603 cui
660 1572 722 1603 iam
759 1572 845 1603 nulla
880 1572 928 1603 lex
959 1576 1042 1610 erat,
1073 1572 1189 1603 nullum
1226 1571 1314 1603 civile
1351 1572 1417 1609 ius,
1455 1571 1531 1602 nulli
1575 1572 1806 1611 possessionum
1836 1572 1969 1604 termini.

102 1620 104 1622 '
166 1613 299 1645 Dativus
313 1613 395 1645 enim
409 1614 491 1645 idem
502 1612 567 1644 fere
583 1616 632 1645 est
646 1616 740 1653 atque
755 1614 783 1645 is
798 1622 889 1654 quem
909 1614 993 1645 nacti
1008 1622 1115 1644 sumus
1130 1613 1169 1644 de
1185 1622 1248 1652 rep.
1272 1612 1325 1649 VI,
1347 1613 1387 1644 25
1410 1614 1451 1652 (v.
1468 1616 1524 1652 s.):
1547 1613 1649 1645 Locus
1665 1638 1671 1644 .
1690 1638 1709 1652 .,
1731 1613 1762 1645 in
1784 1622 1845 1654 quo
1866 1614 1970 1645 omnia

167 1659 243 1688 sunt
255 1655 377 1694 magnis
391 1658 424 1687 et
437 1655 670 1694 praestantibus
688 1655 771 1686 viris.
802 1655 1042 1694 Interpretanda
1063 1658 1135 1686 sunt
1156 1654 1300 1686 nimirum
1318 1654 1411 1687 verba
1432 1655 1583 1686 orationis
1605 1654 1807 1687 Milonianae:
1834 1673 1870 1678 -
1885 1656 1970 1693 „Fur
2008 1693 2011 1695 ,

167 1697 227 1728 den
251 1706 285 1728 es
307 1697 359 1727 nie
381 1714 420 1718 -
443 1696 580 1736 gegeben
603 1697 658 1727 hat
680 1710 721 1721 =
735 1697 793 1727 der
815 1697 865 1727 nie
887 1696 1026 1734 gekannt
1047 1705 1071 1726 s.
1095 1696 1205 1727 keinen
1229 1695 1349 1734 Begrifl‘
1366 1696 1480 1734 gehabt
1501 1696 1557 1727 hat
1578 1705 1636 1726 von
1660 1721 1666 1727 .
1689 1720 1696 1726 .
1721 1697 1747 1727 .“

317 1744 638 1776 Postliminium.
661 1745 707 1776 De
728 1749 807 1776 orat.
823 1745 845 1783 Ι,
871 1745 946 1776 181:
971 1745 1051 1782 Quia
1065 1745 1214 1776 memoria
1236 1745 1281 1776 sic
1303 1747 1386 1776 esset
1408 1746 1574 1784 proditum,
1598 1755 1688 1785 quem
1711 1749 1802 1784 pater
1817 1755 1891 1777 suus
1913 1750 1969 1777 aut

166 1787 302 1827 populus
325 1787 518 1818 vendidisset
540 1789 596 1817 aut
618 1789 708 1825 pater
731 1790 874 1825 patratus
897 1787 1045 1824 dedisset,
1068 1787 1096 1818 ei
1120 1786 1238 1817 nullum
1260 1795 1329 1818 esse
1351 1786 1584 1826 postliminium.

316 1844 366 1885 ηη)
388 1843 509 1883 cogant
528 1853 658 1884 agmen:

316 1894 402 1925 Lex.
446 1894 532 1924 Orat.
558 1893 634 1925 198:
681 1895 748 1930 Quo
771 1895 866 1924 etiam
897 1893 1055 1925 difficilius
1077 1897 1127 1925 est
1148 1894 1292 1924 oratione
1319 1894 1365 1924 uti
1396 1903 1488 1933 quani
1514 1894 1664 1931 versibus,
1694 1895 1776 1933 quod
1796 1894 1860 1926 illis
1881 1899 1968 1926 certa

170 1935 324 1975 quaedam
353 1938 385 1966 et
411 1933 540 1966 definita
569 1934 618 1966 lex
641 1939 698 1973 est,
721 1943 814 1975 quam
837 1935 926 1974 sequi
949 1934 991 1966 sit
1012 1943 1148 1967 necesse.
1180 1935 1246 1966 Inv.
1269 1934 1310 1973 II,
1332 1935 1390 1966 96:
1433 1935 1509 1966 Cum
1530 1935 1782 1967 Lacedaemoniis
1804 1935 1852 1967 lex
1874 1939 1967 1975 esset,

165 1980 210 2015 ut,
232 1977 351 2008 hostias
363 1976 424 2008 nisi
438 1976 480 2008 ad
495 1974 682 2008 sacrificium
697 1977 852 2016 quoddam
867 1977 1044 2016 redemptor
1059 1975 1267 2016 praebuisset,
1283 1975 1399 2016 capital
1414 1980 1506 2015 esset,
1529 1977 1647 2008 hostias
1662 1977 1700 2016 is,
1715 1978 1768 2017 qui
1782 1978 1968 2018 redemerat,

168 2028 239 2050 cum
261 2017 405 2050 sacrificii
427 2018 495 2050 dies
517 2019 658 2057 instaret,
681 2019 713 2049 in
736 2017 842 2050 urbem
866 2028 903 2050 ex
925 2027 1001 2057 agro
1023 2019 1126 2057 coepit
1148 2027 1247 2057 agere.

316 2068 408 2099 Mos.
454 2067 540 2099 Verr.
560 2068 597 2106 V,
621 2068 679 2098 27:
724 2067 766 2098 Ut
789 2077 854 2099 mos
878 2067 937 2099 fuit
959 2068 1125 2108 Bithyniae
1148 2068 1280 2107 regibus.
1303 2068 1366 2099 Inv.
1391 2068 1432 2106 ΙΙ,
1455 2068 1511 2099 69;
1555 2069 1630 2100 Cum
1652 2068 1790 2101 Thebani
1811 2068 1968 2101 Lacedae-

168 2110 290 2142 monios
305 2109 385 2141 bello
403 2110 639 2148 superavissent
653 2112 686 2140 et
697 2108 762 2140 fere
777 2118 844 2140 mos
859 2113 942 2141 esset
957 2109 1071 2150 Graiis,
1087 2119 1157 2141 cum
1173 2110 1253 2141 inter
1265 2119 1299 2141 se
1314 2109 1429 2141 bellum
1444 2110 1623 2149 gessissent,
1646 2114 1681 2141 ut
1695 2111 1727 2149 ii,
1743 2111 1795 2150 qui
1811 2111 1968 2148 vicissent,

168 2155 332 2190 tropaeum
353 2150 481 2190 aliquod
503 2151 534 2181 in
558 2149 672 2182 finibus
694 2152 878 2189 statuerent,
901 2167 941 2172 —
963 2154 1092 2182 aeneum
1116 2153 1293 2182 statuerunt
1314 2154 1484 2190 tropaeum.

317 2191 465 2223 Modus.
509 2192 570 2223 Pis.
595 2191 652 2222 86:
697 2191 756 2228 Qui
779 2193 890 2223 modus
912 2192 969 2223 tibi
991 2191 1051 2223 fuit
1073 2192 1218 2223 frumenti
1241 2192 1436 2230 aestimandi,
1459 2193 1513 2232 qui
1534 2192 1715 2224 honorarii?

316 2257 550 2297 tl)1nsigniora
579 2257 740 2289 absolutae
769 2258 975 2296 possessionis
1004 2257 1146 2297 exempla
1176 2267 1213 2288 ea
1242 2258 1385 2289 nimirum
1413 2258 1619 2289 existimanda
1649 2262 1730 2297 sunt,
1758 2267 1837 2298 quae
1865 2267 1969 2298 gram-
2025 2279 2027 2281 »

167 2299 312 2338 maticos,
341 2299 369 2330 si
399 2299 451 2339 qui
482 2308 616 2331 rerum
649 2299 838 2338 corporis
867 2300 1047 2331 animive
1069 2299 1334 2339 propriarum
1357 2300 1585 2338 possessionem
1607 2299 1699 2331 tertio
1723 2308 1796 2331 casu
1817 2309 1856 2331 ne
1877 2308 1970 2339 posse

168 2341 292 2380 quidem
314 2341 446 2379 exprimi
469 2341 648 2379 statuerint,
672 2341 722 2371 vix
745 2349 851 2372 verum
875 2341 990 2372 vidisse
1012 2341 1232 2380 persuadeant.
