<?xml version="1.0" encoding="UTF-8"?>
<!DOCTYPE html PUBLIC "-//W3C//DTD XHTML 1.0 Transitional//EN"
    "http://www.w3.org/TR/xhtml1/DTD/xhtml1-transitional.dtd">
<html xmlns="http://www.w3.org/1999/xhtml" xml:lang="en" lang="en">
 <head>
  <title>
</title>
<meta http-equiv="Content-Type" content="text/html;charset=utf-8" />
  <meta name='ocr-system' content='tesseract 3.04.00' />
  <meta name='ocr-capabilities' content='ocr_page ocr_carea ocr_par ocr_line ocrx_word'/>
</head>
<body>
  <div class='ocr_page' id='page_1' title='image "4765511_0030.png"; bbox 0 0 2161 2676; ppageno 0'>
   <div class='ocr_carea' id='block_1_1' title="bbox 0 0 160 179">
    <p class='ocr_par' dir='ltr' id='par_1_1' title="bbox 0 0 160 179">
     <span class='ocr_line' id='line_1_1' title="bbox 0 0 160 179; baseline 0 2497"><span class='ocrx_word' id='word_1_1' title='bbox 0 0 160 179; x_wconf 95' lang='lat' dir='ltr'> </span> 
     </span>
    </p>
   </div>
   <div class='ocr_carea' id='block_1_2' title="bbox 362 0 2161 2676">
    <p class='ocr_par' dir='ltr' id='par_1_2' title="bbox 362 0 2161 2676">
     <span class='ocr_line' id='line_1_2' title="bbox 362 0 2161 96; baseline 0 2580"><span class='ocrx_word' id='word_1_2' title='bbox 362 0 2161 96; x_wconf 95' lang='lat' dir='ltr'> </span> 
     </span>
     <span class='ocr_line' id='line_1_3' title="bbox 947 96 2161 240; baseline 0 0"><span class='ocrx_word' id='word_1_3' title='bbox 947 96 2161 240; x_wconf 95' lang='lat' dir='ltr'>  </span> 
     </span>
     <span class='ocr_line' id='line_1_4' title="bbox 1400 240 2161 435; baseline 0 0"><span class='ocrx_word' id='word_1_4' title='bbox 1400 240 2161 435; x_wconf 95' lang='lat' dir='ltr'>       </span> 
     </span>
     <span class='ocr_line' id='line_1_5' title="bbox 2086 2062 2161 2182; baseline 0 0"><span class='ocrx_word' id='word_1_5' title='bbox 2086 2062 2161 2182; x_wconf 95' lang='lat' dir='ltr'>  </span> 
     </span>
     <span class='ocr_line' id='line_1_6' title="bbox 1948 2182 2161 2676; baseline 0 0"><span class='ocrx_word' id='word_1_6' title='bbox 1948 2182 2161 2676; x_wconf 95' lang='lat' dir='ltr'>    </span> 
     </span>
    </p>
   </div>
   <div class='ocr_carea' id='block_1_3' title="bbox 128 147 2011 539">
    <p class='ocr_par' dir='ltr' id='par_1_3' title="bbox 128 147 1586 255">
     <span class='ocr_line' id='line_1_7' title="bbox 173 147 1504 214; baseline 0.001 -11"><span class='ocrx_word' id='word_1_7' title='bbox 173 167 362 208; x_wconf 68' lang='lat' dir='ltr'><strong>Dyrrhachii</strong></span> <span class='ocrx_word' id='word_1_8' title='bbox 382 172 416 202; x_wconf 88' lang='lat' dir='ltr'>et</span> <span class='ocrx_word' id='word_1_9' title='bbox 435 167 690 204; x_wconf 66' lang='lat' dir='ltr'><strong>conscensionem</strong></span> <span class='ocrx_word' id='word_1_10' title='bbox 710 170 743 202; x_wconf 89' lang='lat' dir='ltr'>in</span> <span class='ocrx_word' id='word_1_11' title='bbox 766 178 863 202; x_wconf 85' lang='lat' dir='ltr'>naves</span> <span class='ocrx_word' id='word_1_12' title='bbox 877 177 947 202; x_wconf 83' lang='lat' dir='ltr'>cum</span> <span class='ocrx_word' id='word_1_13' title='bbox 965 147 1336 213; x_wconf 44' lang='lat' dir='ltr'>immin&amp;</span> <span class='ocrx_word' id='word_1_14' title='bbox 1479 210 1504 214; x_wconf 19' lang='lat'>⁷,</span> 
     </span>
     <span class='ocr_line' id='line_1_8' title="bbox 128 208 1586 255; baseline 0.002 -14"><span class='ocrx_word' id='word_1_15' title='bbox 128 234 130 236; x_wconf 52' lang='grc'>,</span> <span class='ocrx_word' id='word_1_16' title='bbox 174 208 251 249; x_wconf 81' lang='lat' dir='ltr'>fore,</span> <span class='ocrx_word' id='word_1_17' title='bbox 273 210 332 243; x_wconf 82' lang='lat' dir='ltr'>sed</span> <span class='ocrx_word' id='word_1_18' title='bbox 351 209 543 242; x_wconf 79' lang='lat' dir='ltr'>Rhodiorum</span> <span class='ocrx_word' id='word_1_19' title='bbox 565 209 659 243; x_wconf 79' lang='lat' dir='ltr'>classi</span> <span class='ocrx_word' id='word_1_20' title='bbox 738 211 888 251; x_wconf 84' lang='lat' dir='ltr'>pinquum</span> <span class='ocrx_word' id='word_1_21' title='bbox 909 210 1045 243; x_wconf 74' lang='lat' dir='ltr'>reditum</span> <span class='ocrx_word' id='word_1_22' title='bbox 1062 214 1104 243; x_wconf 74' lang='lat' dir='ltr'>ac</span> <span class='ocrx_word' id='word_1_23' title='bbox 1118 209 1253 244; x_wconf 76' lang='lat' dir='ltr'>doman-</span> <span class='ocrx_word' id='word_1_24' title='bbox 1266 209 1400 250; x_wconf 54' lang='lat' dir='ltr'>monam</span> <span class='ocrx_word' id='word_1_25' title='bbox 1458 216 1473 253; x_wconf 68' lang='lat' dir='ltr'><em>j</em></span> <span class='ocrx_word' id='word_1_26' title='bbox 1502 217 1548 255; x_wconf 47' lang='lat' dir='ltr'>j*</span> <span class='ocrx_word' id='word_1_27' title='bbox 1584 225 1586 228; x_wconf 55' lang='lat'>&gt;</span> 
     </span>
    </p>

    <p class='ocr_par' dir='ltr' id='par_1_4' title="bbox 173 250 1943 415">
     <span class='ocr_line' id='line_1_9' title="bbox 325 250 1538 292; baseline 0 -9"><span class='ocrx_word' id='word_1_28' title='bbox 325 251 436 290; x_wconf 84' lang='lat' dir='ltr'>Spes.</span> <span class='ocrx_word' id='word_1_29' title='bbox 465 250 553 283; x_wconf 87' lang='lat' dir='ltr'>Verr.</span> <span class='ocrx_word' id='word_1_30' title='bbox 569 251 627 288; x_wconf 83' lang='lat'>111.</span> <span class='ocrx_word' id='word_1_31' title='bbox 650 252 665 282; x_wconf 91' lang='lat' dir='ltr'>l</span> <span class='ocrx_word' id='word_1_32' title='bbox 719 262 726 283; x_wconf 93' lang='lat'><strong>:</strong></span> <span class='ocrx_word' id='word_1_33' title='bbox 764 252 855 284; x_wconf 84' lang='lat' dir='ltr'>Certe</span> <span class='ocrx_word' id='word_1_34' title='bbox 876 252 948 284; x_wconf 87' lang='lat' dir='ltr'>huic</span> <span class='ocrx_word' id='word_1_35' title='bbox 968 251 1086 283; x_wconf 87' lang='lat' dir='ltr'>homini</span> <span class='ocrx_word' id='word_1_36' title='bbox 1106 260 1179 292; x_wconf 83' lang='lat' dir='ltr'>spes</span> <span class='ocrx_word' id='word_1_37' title='bbox 1198 251 1285 285; x_wconf 84' lang='lat' dir='ltr'>nulla</span> <span class='ocrx_word' id='word_1_38' title='bbox 1304 251 1416 283; x_wconf 72' lang='lat' dir='ltr'>salutis</span> <span class='ocrx_word' id='word_1_39' title='bbox 1436 253 1538 291; x_wconf 44' lang='lat' dir='ltr'>aaut,</span> 
     </span>
     <span class='ocr_line' id='line_1_10' title="bbox 174 292 1817 332; baseline 0.002 -9"><span class='ocrx_word' id='word_1_40' title='bbox 174 292 297 331; x_wconf 84' lang='lat' dir='ltr'>equites</span> <span class='ocrx_word' id='word_1_41' title='bbox 318 292 449 323; x_wconf 84' lang='lat' dir='ltr'>Romani</span> <span class='ocrx_word' id='word_1_42' title='bbox 470 293 654 324; x_wconf 86' lang='lat' dir='ltr'>iudicarent.</span> <span class='ocrx_word' id='word_1_43' title='bbox 684 293 806 332; x_wconf 88' lang='lat' dir='ltr'>Fragm.</span> <span class='ocrx_word' id='word_1_44' title='bbox 822 293 934 332; x_wconf 87' lang='lat' dir='ltr'>philos.</span> <span class='ocrx_word' id='word_1_45' title='bbox 952 293 986 324; x_wconf 84' lang='lat' dir='ltr'>F.</span> <span class='ocrx_word' id='word_1_46' title='bbox 1001 292 1040 331; x_wconf 99' lang='lat' dir='ltr'>V,</span> <span class='ocrx_word' id='word_1_47' title='bbox 1063 293 1119 324; x_wconf 82' lang='lat'>97:</span> <span class='ocrx_word' id='word_1_48' title='bbox 1147 294 1234 330; x_wconf 86' lang='lat' dir='ltr'>Quae</span> <span class='ocrx_word' id='word_1_49' title='bbox 1254 292 1344 324; x_wconf 87' lang='lat' dir='ltr'>nobis</span> <span class='ocrx_word' id='word_1_50' title='bbox 1358 310 1398 316; x_wconf 90' lang='lat'>——</span> <span class='ocrx_word' id='word_1_51' title='bbox 1420 293 1691 329; x_wconf 73' lang='lat' dir='ltr'>considerantibus</span> <span class='ocrx_word' id='word_1_52' title='bbox 1700 298 1764 322; x_wconf 73' lang='lat'>&#39;--</span> <span class='ocrx_word' id='word_1_53' title='bbox 1814 296 1817 299; x_wconf 80' lang='grc'>’</span> 
     </span>
     <span class='ocr_line' id='line_1_11' title="bbox 173 331 1943 374; baseline 0.002 -10"><span class='ocrx_word' id='word_1_54' title='bbox 173 337 224 364; x_wconf 82' lang='lat' dir='ltr'>est</span> <span class='ocrx_word' id='word_1_55' title='bbox 245 357 253 364; x_wconf 91' lang='lat'>.</span> <span class='ocrx_word' id='word_1_56' title='bbox 277 358 283 364; x_wconf 95' lang='lat'>.</span> <span class='ocrx_word' id='word_1_57' title='bbox 308 358 314 364; x_wconf 93' lang='lat'>.</span> <span class='ocrx_word' id='word_1_58' title='bbox 338 350 401 364; x_wconf 89' lang='grc'>.-.</span> <span class='ocrx_word' id='word_1_59' title='bbox 432 332 566 367; x_wconf 82' lang='lat' dir='ltr'>Dativus</span> <span class='ocrx_word' id='word_1_60' title='bbox 581 334 673 365; x_wconf 86' lang='lat' dir='ltr'>exiis</span> <span class='ocrx_word' id='word_1_61' title='bbox 688 343 768 374; x_wconf 89' lang='lat' dir='ltr'>quae</span> <span class='ocrx_word' id='word_1_62' title='bbox 783 334 1014 373; x_wconf 88' lang='lat' dir='ltr'>subsequuntur</span> <span class='ocrx_word' id='word_1_63' title='bbox 1029 333 1248 373; x_wconf 87' lang='lat' dir='ltr'>intelligendus</span> <span class='ocrx_word' id='word_1_64' title='bbox 1263 333 1387 365; x_wconf 86' lang='lat' dir='ltr'>videtur</span> <span class='ocrx_word' id='word_1_65' title='bbox 1402 335 1467 365; x_wconf 86' lang='lat' dir='ltr'>Att.</span> <span class='ocrx_word' id='word_1_66' title='bbox 1481 333 1539 372; x_wconf 86' lang='lat'>111,</span> <span class='ocrx_word' id='word_1_67' title='bbox 1558 334 1608 373; x_wconf 73' lang='lat'>15,</span> <span class='ocrx_word' id='word_1_68' title='bbox 1628 335 1666 367; x_wconf 80' lang='lat'>6:</span> <span class='ocrx_word' id='word_1_69' title='bbox 1681 331 1782 369; x_wconf 80' lang='lat' dir='ltr'>¹Haec</span> <span class='ocrx_word' id='word_1_70' title='bbox 1803 344 1868 374; x_wconf 36' lang='lat' dir='ltr'>nisi⁸</span> <span class='ocrx_word' id='word_1_71' title='bbox 1916 370 1919 371; x_wconf 17' lang='lat'><em>⁷</em></span> <span class='ocrx_word' id='word_1_72' title='bbox 1938 358 1943 363; x_wconf 81' lang='lat'>-</span> 
     </span>
     <span class='ocr_line' id='line_1_12' title="bbox 174 374 1815 415; baseline 0.001 -10"><span class='ocrx_word' id='word_1_73' title='bbox 174 374 324 413; x_wconf 84' lang='lat' dir='ltr'>expediri,</span> <span class='ocrx_word' id='word_1_74' title='bbox 346 383 439 414; x_wconf 88' lang='lat' dir='ltr'>quam</span> <span class='ocrx_word' id='word_1_75' title='bbox 461 374 493 405; x_wconf 90' lang='lat' dir='ltr'>in</span> <span class='ocrx_word' id='word_1_76' title='bbox 515 383 602 414; x_wconf 88' lang='lat' dir='ltr'>spem</span> <span class='ocrx_word' id='word_1_77' title='bbox 625 384 674 406; x_wconf 92' lang='lat' dir='ltr'>me</span> <span class='ocrx_word' id='word_1_78' title='bbox 697 375 814 407; x_wconf 82' lang='lat' dir='ltr'>vocas?</span> <span class='ocrx_word' id='word_1_79' title='bbox 836 376 882 407; x_wconf 91' lang='lat' dir='ltr'>sin</span> <span class='ocrx_word' id='word_1_80' title='bbox 905 379 1010 407; x_wconf 87' lang='lat' dir='ltr'>autem</span> <span class='ocrx_word' id='word_1_81' title='bbox 1033 375 1100 415; x_wconf 90' lang='lat' dir='ltr'>spei</span> <span class='ocrx_word' id='word_1_82' title='bbox 1121 375 1197 407; x_wconf 88' lang='lat' dir='ltr'>nihil</span> <span class='ocrx_word' id='word_1_83' title='bbox 1219 378 1278 414; x_wconf 90' lang='lat' dir='ltr'>est,</span> <span class='ocrx_word' id='word_1_84' title='bbox 1300 384 1379 415; x_wconf 91' lang='lat' dir='ltr'>quae</span> <span class='ocrx_word' id='word_1_85' title='bbox 1401 378 1451 407; x_wconf 88' lang='lat' dir='ltr'>est</span> <span class='ocrx_word' id='word_1_86' title='bbox 1471 374 1547 406; x_wconf 87' lang='lat' dir='ltr'>mihi</span> <span class='ocrx_word' id='word_1_87' title='bbox 1569 376 1658 407; x_wconf 78' lang='lat' dir='ltr'>vita?</span> <span class='ocrx_word' id='word_1_88' title='bbox 1812 411 1815 413; x_wconf 40' lang='grc'>,</span> 
     </span>
    </p>

    <p class='ocr_par' dir='ltr' id='par_1_5' title="bbox 171 415 2011 539">
     <span class='ocr_line' id='line_1_13' title="bbox 323 415 2011 458; baseline 0.002 -12"><span class='ocrx_word' id='word_1_89' title='bbox 323 415 527 448; x_wconf 85' lang='lat' dir='ltr'>Studium.</span> <span class='ocrx_word' id='word_1_90' title='bbox 555 417 596 447; x_wconf 84' lang='lat' dir='ltr'>ad</span> <span class='ocrx_word' id='word_1_91' title='bbox 619 416 677 453; x_wconf 84' lang='lat' dir='ltr'>Qu.</span> <span class='ocrx_word' id='word_1_92' title='bbox 701 416 738 448; x_wconf 80' lang='lat' dir='ltr'>fr.</span> <span class='ocrx_word' id='word_1_93' title='bbox 762 417 787 455; x_wconf 91' lang='grc' dir='ltr'>Ι,</span> <span class='ocrx_word' id='word_1_94' title='bbox 810 418 837 454; x_wconf 90' lang='grc'>1,</span> <span class='ocrx_word' id='word_1_95' title='bbox 859 417 916 448; x_wconf 78' lang='lat'>29:</span> <span class='ocrx_word' id='word_1_96' title='bbox 960 417 1051 448; x_wconf 89' lang='lat' dir='ltr'>Nunc</span> <span class='ocrx_word' id='word_1_97' title='bbox 1065 416 1190 456; x_wconf 82' lang='lat' dir='ltr'>quidem</span> <span class='ocrx_word' id='word_1_98' title='bbox 1212 416 1352 455; x_wconf 86' lang='lat' dir='ltr'>profecto</span> <span class='ocrx_word' id='word_1_99' title='bbox 1374 416 1427 447; x_wconf 89' lang='lat' dir='ltr'>isti</span> <span class='ocrx_word' id='word_1_100' title='bbox 1448 416 1627 455; x_wconf 89' lang='lat' dir='ltr'>provinciae</span> <span class='ocrx_word' id='word_1_101' title='bbox 1648 418 1796 458; x_wconf 82' lang='lat' dir='ltr'>contigit,</span> <span class='ocrx_word' id='word_1_102' title='bbox 1827 421 1863 450; x_wconf 87' lang='lat' dir='ltr'>ut</span> <span class='ocrx_word' id='word_1_103' title='bbox 1883 419 1910 456; x_wconf 88' lang='lat' dir='ltr'>is</span> <span class='ocrx_word' id='word_1_104' title='bbox 1931 419 1964 450; x_wconf 91' lang='lat' dir='ltr'>in</span> <span class='ocrx_word' id='word_1_105' title='bbox 2005 432 2011 449; x_wconf 71' lang='lat'>1</span> 
     </span>
     <span class='ocr_line' id='line_1_14' title="bbox 173 456 1965 500; baseline 0.003 -13"><span class='ocrx_word' id='word_1_106' title='bbox 173 465 242 487; x_wconf 87' lang='lat' dir='ltr'>eam</span> <span class='ocrx_word' id='word_1_107' title='bbox 271 465 423 488; x_wconf 87' lang='lat' dir='ltr'>summam</span> <span class='ocrx_word' id='word_1_108' title='bbox 454 460 641 496; x_wconf 85' lang='lat' dir='ltr'>potestatem</span> <span class='ocrx_word' id='word_1_109' title='bbox 675 457 820 496; x_wconf 87' lang='lat' dir='ltr'>haberet,</span> <span class='ocrx_word' id='word_1_110' title='bbox 852 459 901 489; x_wconf 86' lang='lat' dir='ltr'>cui</span> <span class='ocrx_word' id='word_1_111' title='bbox 933 459 963 489; x_wconf 90' lang='lat' dir='ltr'>in</span> <span class='ocrx_word' id='word_1_112' title='bbox 987 458 1138 495; x_wconf 87' lang='lat' dir='ltr'>doctrina,</span> <span class='ocrx_word' id='word_1_113' title='bbox 1169 458 1219 489; x_wconf 88' lang='lat' dir='ltr'>cui</span> <span class='ocrx_word' id='word_1_114' title='bbox 1241 458 1273 489; x_wconf 92' lang='lat' dir='ltr'>in</span> <span class='ocrx_word' id='word_1_115' title='bbox 1296 458 1410 488; x_wconf 85' lang='lat' dir='ltr'>virtute</span> <span class='ocrx_word' id='word_1_116' title='bbox 1432 462 1526 497; x_wconf 84' lang='lat' dir='ltr'>atque</span> <span class='ocrx_word' id='word_1_117' title='bbox 1547 456 1745 490; x_wconf 73' lang='lat' dir='ltr'><strong>humanitate</strong></span> <span class='ocrx_word' id='word_1_118' title='bbox 1765 460 1965 500; x_wconf 69' lang='lat' dir='ltr'>percipienda</span> 
     </span>
     <span class='ocr_line' id='line_1_15' title="bbox 171 496 1025 539; baseline 0.002 -11"><span class='ocrx_word' id='word_1_119' title='bbox 171 496 338 536; x_wconf 85' lang='lat' dir='ltr'>plurimum</span> <span class='ocrx_word' id='word_1_120' title='bbox 361 507 380 529; x_wconf 92' lang='lat' dir='ltr'>a</span> <span class='ocrx_word' id='word_1_121' title='bbox 402 498 539 538; x_wconf 86' lang='lat' dir='ltr'>pueritia</span> <span class='ocrx_word' id='word_1_122' title='bbox 560 499 657 530; x_wconf 90' lang='lat' dir='ltr'>studii</span> <span class='ocrx_word' id='word_1_123' title='bbox 679 498 791 531; x_wconf 91' lang='lat' dir='ltr'>fuisset</span> <span class='ocrx_word' id='word_1_124' title='bbox 813 504 845 531; x_wconf 90' lang='lat' dir='ltr'>et</span> <span class='ocrx_word' id='word_1_125' title='bbox 866 500 1025 539; x_wconf 82' lang='lat' dir='ltr'>temporis.</span> 
     </span>
    </p>
   </div>
   <div class='ocr_carea' id='block_1_4' title="bbox 159 555 2145 2288">
    <p class='ocr_par' dir='ltr' id='par_1_6' title="bbox 172 555 1964 637">
     <span class='ocr_line' id='line_1_16' title="bbox 321 555 1964 595; baseline 0.002 -8"><span class='ocrx_word' id='word_1_126' title='bbox 321 555 377 595; x_wconf 76' lang='lat' dir='ltr'>yy)</span> <span class='ocrx_word' id='word_1_127' title='bbox 395 555 604 595; x_wconf 87' lang='lat' dir='ltr'>Properamus</span> <span class='ocrx_word' id='word_1_128' title='bbox 626 558 666 588; x_wconf 88' lang='lat' dir='ltr'>ad</span> <span class='ocrx_word' id='word_1_129' title='bbox 688 555 780 588; x_wconf 87' lang='lat' dir='ltr'>finem</span> <span class='ocrx_word' id='word_1_130' title='bbox 802 558 977 588; x_wconf 87' lang='lat' dir='ltr'>huiusmodi</span> <span class='ocrx_word' id='word_1_131' title='bbox 999 557 1208 595; x_wconf 87' lang='lat' dir='ltr'>exemplorum</span> <span class='ocrx_word' id='word_1_132' title='bbox 1230 556 1480 587; x_wconf 73' lang='lat' dir='ltr'><strong>enumerationis.</strong></span> <span class='ocrx_word' id='word_1_133' title='bbox 1519 556 1639 595; x_wconf 78' lang='lat' dir='ltr'><strong>Restat,</strong></span> <span class='ocrx_word' id='word_1_134' title='bbox 1668 560 1703 588; x_wconf 91' lang='lat' dir='ltr'>ut</span> <span class='ocrx_word' id='word_1_135' title='bbox 1725 566 1779 589; x_wconf 87' lang='lat' dir='ltr'>eas</span> <span class='ocrx_word' id='word_1_136' title='bbox 1800 559 1964 590; x_wconf 80' lang='lat' dir='ltr'>afferamus</span> 
     </span>
     <span class='ocr_line' id='line_1_17' title="bbox 172 597 1730 637; baseline 0.001 -11"><span class='ocrx_word' id='word_1_137' title='bbox 172 603 223 627; x_wconf 87' lang='lat' dir='ltr'>res</span> <span class='ocrx_word' id='word_1_138' title='bbox 244 604 520 636; x_wconf 72' lang='lat' dir='ltr'>possessas,‘quae</span> <span class='ocrx_word' id='word_1_139' title='bbox 541 606 603 628; x_wconf 91' lang='lat' dir='ltr'>non</span> <span class='ocrx_word' id='word_1_140' title='bbox 626 598 657 628; x_wconf 94' lang='lat' dir='ltr'>in</span> <span class='ocrx_word' id='word_1_141' title='bbox 680 598 750 637; x_wconf 84' lang='lat' dir='ltr'>ipsa</span> <span class='ocrx_word' id='word_1_142' title='bbox 770 598 927 629; x_wconf 86' lang='lat' dir='ltr'>hominum</span> <span class='ocrx_word' id='word_1_143' title='bbox 950 601 1062 628; x_wconf 88' lang='lat' dir='ltr'>natura</span> <span class='ocrx_word' id='word_1_144' title='bbox 1084 598 1204 636; x_wconf 85' lang='lat' dir='ltr'>positae</span> <span class='ocrx_word' id='word_1_145' title='bbox 1226 600 1298 627; x_wconf 88' lang='lat' dir='ltr'>sunt</span> <span class='ocrx_word' id='word_1_146' title='bbox 1320 598 1375 628; x_wconf 90' lang='lat' dir='ltr'>sed</span> <span class='ocrx_word' id='word_1_147' title='bbox 1396 601 1541 628; x_wconf 77' lang='lat' dir='ltr'>externae</span> <span class='ocrx_word' id='word_1_148' title='bbox 1563 597 1730 629; x_wconf 78' lang='lat' dir='ltr'>habendae.</span> 
     </span>
    </p>

    <p class='ocr_par' dir='ltr' id='par_1_7' title="bbox 168 636 2013 1090">
     <span class='ocr_line' id='line_1_18' title="bbox 322 636 1963 679; baseline 0.002 -10"><span class='ocrx_word' id='word_1_149' title='bbox 322 636 478 670; x_wconf 86' lang='lat' dir='ltr'>Nomen.</span> <span class='ocrx_word' id='word_1_150' title='bbox 522 637 642 671; x_wconf 82' lang='lat' dir='ltr'>Nomen</span> <span class='ocrx_word' id='word_1_151' title='bbox 663 640 765 679; x_wconf 88' lang='lat' dir='ltr'>ipsum</span> <span class='ocrx_word' id='word_1_152' title='bbox 787 640 911 679; x_wconf 87' lang='lat' dir='ltr'>saepius</span> <span class='ocrx_word' id='word_1_153' title='bbox 933 648 1006 670; x_wconf 90' lang='lat' dir='ltr'>casu</span> <span class='ocrx_word' id='word_1_154' title='bbox 1028 639 1216 670; x_wconf 83' lang='lat' dir='ltr'>nominativo</span> <span class='ocrx_word' id='word_1_155' title='bbox 1238 638 1422 678; x_wconf 88' lang='lat' dir='ltr'>exprimitur</span> <span class='ocrx_word' id='word_1_156' title='bbox 1443 648 1535 678; x_wconf 89' lang='lat' dir='ltr'>quam</span> <span class='ocrx_word' id='word_1_157' title='bbox 1557 638 1671 670; x_wconf 87' lang='lat' dir='ltr'>dativo.</span> <span class='ocrx_word' id='word_1_158' title='bbox 1703 638 1816 672; x_wconf 88' lang='lat' dir='ltr'>Exstat</span> <span class='ocrx_word' id='word_1_159' title='bbox 1836 641 1963 673; x_wconf 89' lang='lat' dir='ltr'>nomi-</span> 
     </span>
     <span class='ocr_line' id='line_1_19' title="bbox 168 678 2013 721; baseline 0.003 -12"><span class='ocrx_word' id='word_1_160' title='bbox 168 678 338 711; x_wconf 81' lang='lat' dir='ltr'>nativus</span> <span class='ocrx_word' id='word_1_161' title='bbox 359 680 399 712; x_wconf 90' lang='lat' dir='ltr'>de</span> <span class='ocrx_word' id='word_1_162' title='bbox 414 679 475 712; x_wconf 83' lang='lat' dir='ltr'>inv.</span> <span class='ocrx_word' id='word_1_163' title='bbox 492 680 534 719; x_wconf 90' lang='grc' dir='ltr'>ΙΙ,</span> <span class='ocrx_word' id='word_1_164' title='bbox 551 681 627 713; x_wconf 87' lang='grc'><strong>144;</strong></span> <span class='ocrx_word' id='word_1_165' title='bbox 658 681 877 719; x_wconf 76' lang='lat' dir='ltr'>Alexandrum,</span> <span class='ocrx_word' id='word_1_166' title='bbox 900 681 952 720; x_wconf 90' lang='lat' dir='ltr'>qui</span> <span class='ocrx_word' id='word_1_167' title='bbox 968 681 1052 719; x_wconf 87' lang='lat' dir='ltr'>apud</span> <span class='ocrx_word' id='word_1_168' title='bbox 1067 680 1223 712; x_wconf 84' lang='lat' dir='ltr'>Pheraeos</span> <span class='ocrx_word' id='word_1_169' title='bbox 1243 681 1274 711; x_wconf 87' lang='lat' dir='ltr'>in</span> <span class='ocrx_word' id='word_1_170' title='bbox 1292 680 1453 712; x_wconf 79' lang='lat' dir='ltr'>Thessalia</span> <span class='ocrx_word' id='word_1_171' title='bbox 1470 680 1664 720; x_wconf 85' lang='lat' dir='ltr'>tyrannidem</span> <span class='ocrx_word' id='word_1_172' title='bbox 1686 685 1864 721; x_wconf 87' lang='lat' dir='ltr'>occuparat,</span> <span class='ocrx_word' id='word_1_173' title='bbox 1886 690 1964 715; x_wconf 85' lang='lat' dir='ltr'>uxor</span> <span class='ocrx_word' id='word_1_174' title='bbox 2007 710 2013 715; x_wconf 82' lang='lat'>.</span> 
     </span>
     <span class='ocr_line' id='line_1_20' title="bbox 171 720 1964 763; baseline 0.003 -13"><span class='ocrx_word' id='word_1_175' title='bbox 171 729 238 758; x_wconf 89' lang='lat' dir='ltr'>sua,</span> <span class='ocrx_word' id='word_1_176' title='bbox 260 720 311 751; x_wconf 91' lang='lat' dir='ltr'>cui</span> <span class='ocrx_word' id='word_1_177' title='bbox 332 721 436 753; x_wconf 87' lang='lat' dir='ltr'>Thebe</span> <span class='ocrx_word' id='word_1_178' title='bbox 459 731 570 753; x_wconf 88' lang='lat' dir='ltr'>nomen</span> <span class='ocrx_word' id='word_1_179' title='bbox 592 721 660 759; x_wconf 86' lang='lat' dir='ltr'>fuit,</span> <span class='ocrx_word' id='word_1_180' title='bbox 684 726 776 753; x_wconf 87' lang='lat' dir='ltr'>noctu</span> <span class='ocrx_word' id='word_1_181' title='bbox 798 739 837 744; x_wconf 95' lang='lat'>—</span> <span class='ocrx_word' id='word_1_182' title='bbox 860 723 982 752; x_wconf 89' lang='lat' dir='ltr'>occidit.</span> <span class='ocrx_word' id='word_1_183' title='bbox 1026 722 1147 753; x_wconf 85' lang='lat' dir='ltr'>Caecin.</span> <span class='ocrx_word' id='word_1_184' title='bbox 1171 722 1228 752; x_wconf 80' lang='lat'>27:</span> <span class='ocrx_word' id='word_1_185' title='bbox 1258 722 1461 761; x_wconf 83' lang='lat' dir='ltr'>Argentarius</span> <span class='ocrx_word' id='word_1_186' title='bbox 1482 721 1549 753; x_wconf 88' lang='lat' dir='ltr'>Sex.</span> <span class='ocrx_word' id='word_1_187' title='bbox 1565 721 1702 760; x_wconf 85' lang='lat' dir='ltr'>Clodius,</span> <span class='ocrx_word' id='word_1_188' title='bbox 1725 723 1773 753; x_wconf 92' lang='lat' dir='ltr'>cui</span> <span class='ocrx_word' id='word_1_189' title='bbox 1795 731 1964 763; x_wconf 81' lang='lat' dir='ltr'>cognomen</span> 
     </span>
     <span class='ocr_line' id='line_1_21' title="bbox 171 760 1962 803; baseline 0.001 -10"><span class='ocrx_word' id='word_1_190' title='bbox 171 764 222 792; x_wconf 83' lang='lat' dir='ltr'>est</span> <span class='ocrx_word' id='word_1_191' title='bbox 243 760 400 800; x_wconf 82' lang='lat' dir='ltr'>Phormio,</span> <span class='ocrx_word' id='word_1_192' title='bbox 422 771 480 794; x_wconf 91' lang='lat' dir='ltr'>nec</span> <span class='ocrx_word' id='word_1_193' title='bbox 501 763 605 794; x_wconf 91' lang='lat' dir='ltr'>minus</span> <span class='ocrx_word' id='word_1_194' title='bbox 625 764 715 802; x_wconf 87' lang='lat' dir='ltr'>niger</span> <span class='ocrx_word' id='word_1_195' title='bbox 737 771 793 794; x_wconf 86' lang='lat' dir='ltr'>nec</span> <span class='ocrx_word' id='word_1_196' title='bbox 814 763 915 794; x_wconf 91' lang='lat' dir='ltr'>minus</span> <span class='ocrx_word' id='word_1_197' title='bbox 938 761 1104 801; x_wconf 87' lang='lat' dir='ltr'>confidens,</span> <span class='ocrx_word' id='word_1_198' title='bbox 1127 771 1219 802; x_wconf 86' lang='lat' dir='ltr'>quam</span> <span class='ocrx_word' id='word_1_199' title='bbox 1242 762 1294 793; x_wconf 91' lang='lat' dir='ltr'>ille</span> <span class='ocrx_word' id='word_1_200' title='bbox 1315 762 1520 794; x_wconf 81' lang='lat' dir='ltr'>Terentianus</span> <span class='ocrx_word' id='word_1_201' title='bbox 1542 766 1591 794; x_wconf 90' lang='lat' dir='ltr'>est</span> <span class='ocrx_word' id='word_1_202' title='bbox 1613 762 1766 794; x_wconf 89' lang='lat' dir='ltr'>Phormio.</span> <span class='ocrx_word' id='word_1_203' title='bbox 1803 763 1893 796; x_wconf 88' lang='lat' dir='ltr'>Verr.</span> <span class='ocrx_word' id='word_1_204' title='bbox 1908 764 1962 803; x_wconf 91' lang='lat' dir='ltr'>IV,</span> 
     </span>
     <span class='ocr_line' id='line_1_22' title="bbox 173 802 1961 845; baseline 0.003 -12"><span class='ocrx_word' id='word_1_205' title='bbox 173 802 250 833; x_wconf 88' lang='lat'>118:</span> <span class='ocrx_word' id='word_1_206' title='bbox 281 803 317 834; x_wconf 92' lang='lat' dir='ltr'>In</span> <span class='ocrx_word' id='word_1_207' title='bbox 340 802 399 835; x_wconf 87' lang='lat' dir='ltr'>hac</span> <span class='ocrx_word' id='word_1_208' title='bbox 421 804 524 835; x_wconf 90' lang='lat' dir='ltr'>insula</span> <span class='ocrx_word' id='word_1_209' title='bbox 539 807 676 835; x_wconf 87' lang='lat' dir='ltr'>extrema</span> <span class='ocrx_word' id='word_1_210' title='bbox 698 808 747 835; x_wconf 90' lang='lat' dir='ltr'>est</span> <span class='ocrx_word' id='word_1_211' title='bbox 768 803 837 835; x_wconf 83' lang='lat' dir='ltr'>sons</span> <span class='ocrx_word' id='word_1_212' title='bbox 853 813 951 843; x_wconf 86' lang='lat' dir='ltr'>aquae</span> <span class='ocrx_word' id='word_1_213' title='bbox 967 804 1076 842; x_wconf 89' lang='lat' dir='ltr'>dulcis,</span> <span class='ocrx_word' id='word_1_214' title='bbox 1099 805 1148 835; x_wconf 91' lang='lat' dir='ltr'>cui</span> <span class='ocrx_word' id='word_1_215' title='bbox 1164 812 1273 835; x_wconf 90' lang='lat' dir='ltr'>nomen</span> <span class='ocrx_word' id='word_1_216' title='bbox 1290 804 1446 835; x_wconf 82' lang='lat' dir='ltr'>Arethusa</span> <span class='ocrx_word' id='word_1_217' title='bbox 1467 807 1524 843; x_wconf 80' lang='lat' dir='ltr'>est,</span> <span class='ocrx_word' id='word_1_218' title='bbox 1547 804 1719 836; x_wconf 82' lang='lat' dir='ltr'>incredibili</span> <span class='ocrx_word' id='word_1_219' title='bbox 1740 805 1961 845; x_wconf 86' lang='lat' dir='ltr'>magnitudine.</span> 
     </span>
     <span class='ocr_line' id='line_1_23' title="bbox 169 843 1964 886; baseline 0.002 -11"><span class='ocrx_word' id='word_1_220' title='bbox 169 843 209 875; x_wconf 88' lang='lat' dir='ltr'>ib.</span> <span class='ocrx_word' id='word_1_221' title='bbox 235 844 315 875; x_wconf 75' lang='lat'>119:</span> <span class='ocrx_word' id='word_1_222' title='bbox 359 844 469 876; x_wconf 85' lang='lat' dir='ltr'>Altera</span> <span class='ocrx_word' id='word_1_223' title='bbox 491 849 594 876; x_wconf 88' lang='lat' dir='ltr'>autem</span> <span class='ocrx_word' id='word_1_224' title='bbox 617 848 665 876; x_wconf 90' lang='lat' dir='ltr'>est</span> <span class='ocrx_word' id='word_1_225' title='bbox 687 845 761 876; x_wconf 85' lang='lat' dir='ltr'>urbs</span> <span class='ocrx_word' id='word_1_226' title='bbox 784 845 955 885; x_wconf 84' lang='lat' dir='ltr'>Syracusis,</span> <span class='ocrx_word' id='word_1_227' title='bbox 978 845 1028 876; x_wconf 90' lang='lat' dir='ltr'>cui</span> <span class='ocrx_word' id='word_1_228' title='bbox 1050 854 1160 876; x_wconf 90' lang='lat' dir='ltr'>nomen</span> <span class='ocrx_word' id='word_1_229' title='bbox 1184 844 1359 876; x_wconf 81' lang='lat' dir='ltr'>Achradina</span> <span class='ocrx_word' id='word_1_230' title='bbox 1382 849 1436 876; x_wconf 89' lang='lat' dir='ltr'>est.</span> <span class='ocrx_word' id='word_1_231' title='bbox 1461 846 1500 877; x_wconf 90' lang='lat' dir='ltr'>de</span> <span class='ocrx_word' id='word_1_232' title='bbox 1515 848 1579 876; x_wconf 91' lang='lat' dir='ltr'>nat.</span> <span class='ocrx_word' id='word_1_233' title='bbox 1602 845 1630 875; x_wconf 89' lang='lat' dir='ltr'>d.</span> <span class='ocrx_word' id='word_1_234' title='bbox 1654 845 1696 884; x_wconf 96' lang='grc' dir='ltr'>ΙΙ,</span> <span class='ocrx_word' id='word_1_235' title='bbox 1719 845 1777 877; x_wconf 85' lang='lat'>91:</span> <span class='ocrx_word' id='word_1_236' title='bbox 1806 846 1964 886; x_wconf 88' lang='lat' dir='ltr'>Principio</span> 
     </span>
     <span class='ocr_line' id='line_1_24' title="bbox 169 885 1962 927; baseline 0.002 -11"><span class='ocrx_word' id='word_1_237' title='bbox 169 885 250 916; x_wconf 88' lang='lat' dir='ltr'>euim</span> <span class='ocrx_word' id='word_1_238' title='bbox 275 888 360 916; x_wconf 90' lang='lat' dir='ltr'>terra</span> <span class='ocrx_word' id='word_1_239' title='bbox 381 886 445 917; x_wconf 86' lang='lat' dir='ltr'>sita</span> <span class='ocrx_word' id='word_1_240' title='bbox 466 887 497 917; x_wconf 89' lang='lat' dir='ltr'>in</span> <span class='ocrx_word' id='word_1_241' title='bbox 521 887 622 917; x_wconf 90' lang='lat' dir='ltr'>media</span> <span class='ocrx_word' id='word_1_242' title='bbox 646 890 735 925; x_wconf 88' lang='lat' dir='ltr'>parte</span> <span class='ocrx_word' id='word_1_243' title='bbox 757 887 863 917; x_wconf 90' lang='lat' dir='ltr'>mundi</span> <span class='ocrx_word' id='word_1_244' title='bbox 886 886 1071 917; x_wconf 85' lang='lat' dir='ltr'>circumfusa</span> <span class='ocrx_word' id='word_1_245' title='bbox 1092 886 1226 925; x_wconf 90' lang='lat' dir='ltr'>undique</span> <span class='ocrx_word' id='word_1_246' title='bbox 1248 889 1297 917; x_wconf 89' lang='lat' dir='ltr'>est</span> <span class='ocrx_word' id='word_1_247' title='bbox 1318 886 1375 917; x_wconf 89' lang='lat' dir='ltr'>hac</span> <span class='ocrx_word' id='word_1_248' title='bbox 1397 886 1523 917; x_wconf 89' lang='lat' dir='ltr'>animali</span> <span class='ocrx_word' id='word_1_249' title='bbox 1546 886 1748 926; x_wconf 88' lang='lat' dir='ltr'>spirabilique</span> <span class='ocrx_word' id='word_1_250' title='bbox 1769 891 1889 927; x_wconf 88' lang='lat' dir='ltr'>natura,</span> <span class='ocrx_word' id='word_1_251' title='bbox 1912 889 1962 920; x_wconf 91' lang='lat' dir='ltr'>cui</span> 
     </span>
     <span class='ocr_line' id='line_1_25' title="bbox 169 926 1961 968; baseline 0.002 -11"><span class='ocrx_word' id='word_1_252' title='bbox 169 935 281 957; x_wconf 92' lang='lat' dir='ltr'>nomen</span> <span class='ocrx_word' id='word_1_253' title='bbox 304 931 355 958; x_wconf 89' lang='lat' dir='ltr'>est</span> <span class='ocrx_word' id='word_1_254' title='bbox 375 931 445 963; x_wconf 73' lang='lat' dir='ltr'>aer,</span> <span class='ocrx_word' id='word_1_255' title='bbox 477 926 630 959; x_wconf 88' lang='lat' dir='ltr'>Graecum</span> <span class='ocrx_word' id='word_1_256' title='bbox 654 928 730 958; x_wconf 89' lang='lat' dir='ltr'>illud</span> <span class='ocrx_word' id='word_1_257' title='bbox 752 929 892 967; x_wconf 85' lang='lat' dir='ltr'>quidem,</span> <span class='ocrx_word' id='word_1_258' title='bbox 922 929 978 958; x_wconf 89' lang='lat' dir='ltr'>sed</span> <span class='ocrx_word' id='word_1_259' title='bbox 1001 932 1181 967; x_wconf 90' lang='lat' dir='ltr'>perceptum</span> <span class='ocrx_word' id='word_1_260' title='bbox 1204 928 1266 958; x_wconf 90' lang='lat' dir='ltr'>iam</span> <span class='ocrx_word' id='word_1_261' title='bbox 1288 930 1391 958; x_wconf 85' lang='lat' dir='ltr'>tamen</span> <span class='ocrx_word' id='word_1_262' title='bbox 1425 936 1483 958; x_wconf 90' lang='lat' dir='ltr'>usu</span> <span class='ocrx_word' id='word_1_263' title='bbox 1505 937 1524 958; x_wconf 89' lang='lat' dir='ltr'>a</span> <span class='ocrx_word' id='word_1_264' title='bbox 1545 928 1670 959; x_wconf 88' lang='lat' dir='ltr'>nostris.</span> <span class='ocrx_word' id='word_1_265' title='bbox 1714 928 1803 960; x_wconf 89' lang='lat' dir='ltr'>Tusc.</span> <span class='ocrx_word' id='word_1_266' title='bbox 1826 929 1880 968; x_wconf 93' lang='lat' dir='ltr'>IV,</span> <span class='ocrx_word' id='word_1_267' title='bbox 1902 930 1961 961; x_wconf 83' lang='lat'>24:</span> 
     </span>
     <span class='ocr_line' id='line_1_26' title="bbox 168 967 1960 1008; baseline 0.002 -10"><span class='ocrx_word' id='word_1_268' title='bbox 168 967 286 999; x_wconf 88' lang='lat' dir='ltr'>Existit</span> <span class='ocrx_word' id='word_1_269' title='bbox 308 968 433 999; x_wconf 86' lang='lat' dir='ltr'>morbus</span> <span class='ocrx_word' id='word_1_270' title='bbox 455 972 488 999; x_wconf 91' lang='lat' dir='ltr'>et</span> <span class='ocrx_word' id='word_1_271' title='bbox 510 970 696 1006; x_wconf 84' lang='lat' dir='ltr'>aegrotatio,</span> <span class='ocrx_word' id='word_1_272' title='bbox 719 978 799 1007; x_wconf 89' lang='lat' dir='ltr'>quae</span> <span class='ocrx_word' id='word_1_273' title='bbox 821 969 911 1000; x_wconf 90' lang='lat' dir='ltr'>evelli</span> <span class='ocrx_word' id='word_1_274' title='bbox 933 969 1108 1000; x_wconf 85' lang='lat' dir='ltr'>inveterata</span> <span class='ocrx_word' id='word_1_275' title='bbox 1129 978 1190 999; x_wconf 92' lang='lat' dir='ltr'>non</span> <span class='ocrx_word' id='word_1_276' title='bbox 1213 972 1352 1007; x_wconf 87' lang='lat' dir='ltr'>possunt,</span> <span class='ocrx_word' id='word_1_277' title='bbox 1375 969 1465 1008; x_wconf 86' lang='lat' dir='ltr'>eique</span> <span class='ocrx_word' id='word_1_278' title='bbox 1488 968 1595 999; x_wconf 89' lang='lat' dir='ltr'>morbo</span> <span class='ocrx_word' id='word_1_279' title='bbox 1617 978 1726 1000; x_wconf 91' lang='lat' dir='ltr'>nomen</span> <span class='ocrx_word' id='word_1_280' title='bbox 1749 973 1799 1001; x_wconf 90' lang='lat' dir='ltr'>est</span> <span class='ocrx_word' id='word_1_281' title='bbox 1820 971 1960 1002; x_wconf 81' lang='lat' dir='ltr'>avaritia.</span> 
     </span>
     <span class='ocr_line' id='line_1_27' title="bbox 169 1007 1961 1048; baseline 0.003 -10"><span class='ocrx_word' id='word_1_282' title='bbox 169 1007 255 1039; x_wconf 87' lang='lat' dir='ltr'>Brut.</span> <span class='ocrx_word' id='word_1_283' title='bbox 279 1008 356 1040; x_wconf 82' lang='lat'>225:</span> <span class='ocrx_word' id='word_1_284' title='bbox 401 1009 485 1046; x_wconf 93' lang='lat' dir='ltr'>Quos</span> <span class='ocrx_word' id='word_1_285' title='bbox 507 1013 557 1040; x_wconf 91' lang='lat' dir='ltr'>est</span> <span class='ocrx_word' id='word_1_286' title='bbox 579 1009 647 1040; x_wconf 88' lang='lat' dir='ltr'>Sex.</span> <span class='ocrx_word' id='word_1_287' title='bbox 671 1010 772 1040; x_wconf 86' lang='lat' dir='ltr'>Titius</span> <span class='ocrx_word' id='word_1_288' title='bbox 795 1013 980 1041; x_wconf 87' lang='lat' dir='ltr'>consecutus</span> <span class='ocrx_word' id='word_1_289' title='bbox 1001 1009 1093 1040; x_wconf 90' lang='lat' dir='ltr'>homo</span> <span class='ocrx_word' id='word_1_290' title='bbox 1124 1009 1236 1048; x_wconf 82' lang='lat' dir='ltr'>loquax</span> <span class='ocrx_word' id='word_1_291' title='bbox 1263 1018 1338 1040; x_wconf 89' lang='lat' dir='ltr'>sane</span> <span class='ocrx_word' id='word_1_292' title='bbox 1366 1012 1398 1041; x_wconf 88' lang='lat' dir='ltr'>et</span> <span class='ocrx_word' id='word_1_293' title='bbox 1428 1009 1505 1040; x_wconf 88' lang='lat' dir='ltr'>satis</span> <span class='ocrx_word' id='word_1_294' title='bbox 1527 1013 1647 1048; x_wconf 87' lang='lat' dir='ltr'>acutus,</span> <span class='ocrx_word' id='word_1_295' title='bbox 1675 1011 1731 1041; x_wconf 90' lang='lat' dir='ltr'>sed</span> <span class='ocrx_word' id='word_1_296' title='bbox 1753 1014 1817 1041; x_wconf 87' lang='lat' dir='ltr'>tam</span> <span class='ocrx_word' id='word_1_297' title='bbox 1838 1011 1961 1043; x_wconf 88' lang='lat' dir='ltr'>solutus</span> 
     </span>
     <span class='ocr_line' id='line_1_28' title="bbox 168 1050 1717 1090; baseline 0.001 -10"><span class='ocrx_word' id='word_1_298' title='bbox 168 1053 200 1080; x_wconf 86' lang='lat' dir='ltr'>et</span> <span class='ocrx_word' id='word_1_299' title='bbox 221 1050 323 1080; x_wconf 89' lang='lat' dir='ltr'>mollis</span> <span class='ocrx_word' id='word_1_300' title='bbox 345 1050 376 1080; x_wconf 93' lang='lat' dir='ltr'>in</span> <span class='ocrx_word' id='word_1_301' title='bbox 398 1054 499 1089; x_wconf 86' lang='lat' dir='ltr'>gestu,</span> <span class='ocrx_word' id='word_1_302' title='bbox 521 1054 556 1081; x_wconf 92' lang='lat' dir='ltr'>ut</span> <span class='ocrx_word' id='word_1_303' title='bbox 579 1050 705 1081; x_wconf 89' lang='lat' dir='ltr'>saltatio</span> <span class='ocrx_word' id='word_1_304' title='bbox 728 1052 881 1090; x_wconf 85' lang='lat' dir='ltr'>quaedam</span> <span class='ocrx_word' id='word_1_305' title='bbox 906 1054 1092 1088; x_wconf 87' lang='lat' dir='ltr'>nasceretur,</span> <span class='ocrx_word' id='word_1_306' title='bbox 1116 1051 1164 1081; x_wconf 89' lang='lat' dir='ltr'>cui</span> <span class='ocrx_word' id='word_1_307' title='bbox 1187 1050 1346 1081; x_wconf 86' lang='lat' dir='ltr'>saltationi</span> <span class='ocrx_word' id='word_1_308' title='bbox 1369 1050 1469 1081; x_wconf 86' lang='lat' dir='ltr'>Titius</span> <span class='ocrx_word' id='word_1_309' title='bbox 1491 1059 1602 1081; x_wconf 90' lang='lat' dir='ltr'>nomen</span> <span class='ocrx_word' id='word_1_310' title='bbox 1624 1055 1717 1082; x_wconf 87' lang='lat' dir='ltr'>esset.</span> 
     </span>
    </p>

    <p class='ocr_par' dir='ltr' id='par_1_8' title="bbox 162 1091 1961 1463">
     <span class='ocr_line' id='line_1_29' title="bbox 318 1091 1960 1132; baseline 0.002 -11"><span class='ocrx_word' id='word_1_311' title='bbox 318 1091 473 1121; x_wconf 83' lang='lat' dir='ltr'>Dativo</span> <span class='ocrx_word' id='word_1_312' title='bbox 494 1100 604 1122; x_wconf 88' lang='lat' dir='ltr'>nomen</span> <span class='ocrx_word' id='word_1_313' title='bbox 627 1101 806 1130; x_wconf 88' lang='lat' dir='ltr'>expressum</span> <span class='ocrx_word' id='word_1_314' title='bbox 829 1092 959 1131; x_wconf 86' lang='lat' dir='ltr'>legimus</span> <span class='ocrx_word' id='word_1_315' title='bbox 1002 1092 1090 1122; x_wconf 88' lang='lat' dir='ltr'>Rosc.</span> <span class='ocrx_word' id='word_1_316' title='bbox 1116 1093 1181 1122; x_wconf 86' lang='lat' dir='ltr'>Am.</span> <span class='ocrx_word' id='word_1_317' title='bbox 1209 1091 1261 1122; x_wconf 81' lang='lat'>17:</span> <span class='ocrx_word' id='word_1_318' title='bbox 1294 1091 1370 1122; x_wconf 86' lang='lat' dir='ltr'>Nam</span> <span class='ocrx_word' id='word_1_319' title='bbox 1394 1092 1455 1122; x_wconf 84' lang='lat' dir='ltr'>duo</span> <span class='ocrx_word' id='word_1_320' title='bbox 1477 1092 1531 1122; x_wconf 88' lang='lat' dir='ltr'>isti</span> <span class='ocrx_word' id='word_1_321' title='bbox 1553 1094 1626 1122; x_wconf 88' lang='lat' dir='ltr'>sunt</span> <span class='ocrx_word' id='word_1_322' title='bbox 1648 1091 1681 1122; x_wconf 95' lang='lat' dir='ltr'>T.</span> <span class='ocrx_word' id='word_1_323' title='bbox 1698 1092 1801 1123; x_wconf 83' lang='lat' dir='ltr'>Roscii</span> <span class='ocrx_word' id='word_1_324' title='bbox 1816 1093 1960 1132; x_wconf 90' lang='lat' dir='ltr'>(quorum</span> 
     </span>
     <span class='ocr_line' id='line_1_30' title="bbox 166 1131 1959 1173; baseline 0.002 -11"><span class='ocrx_word' id='word_1_325' title='bbox 166 1131 258 1163; x_wconf 87' lang='lat' dir='ltr'>alteri</span> <span class='ocrx_word' id='word_1_326' title='bbox 286 1131 432 1171; x_wconf 85' lang='lat' dir='ltr'>Capitoni</span> <span class='ocrx_word' id='word_1_327' title='bbox 455 1142 623 1173; x_wconf 81' lang='lat' dir='ltr'>cognomen</span> <span class='ocrx_word' id='word_1_328' title='bbox 646 1137 703 1172; x_wconf 85' lang='lat' dir='ltr'>est,</span> <span class='ocrx_word' id='word_1_329' title='bbox 735 1133 803 1171; x_wconf 85' lang='lat' dir='ltr'>iste,</span> <span class='ocrx_word' id='word_1_330' title='bbox 826 1134 878 1173; x_wconf 92' lang='lat' dir='ltr'>qui</span> <span class='ocrx_word' id='word_1_331' title='bbox 901 1133 1000 1171; x_wconf 86' lang='lat' dir='ltr'>adest,</span> <span class='ocrx_word' id='word_1_332' title='bbox 1028 1133 1158 1173; x_wconf 87' lang='lat' dir='ltr'>Magnus</span> <span class='ocrx_word' id='word_1_333' title='bbox 1179 1133 1321 1172; x_wconf 85' lang='lat' dir='ltr'>vocatur)</span> <span class='ocrx_word' id='word_1_334' title='bbox 1349 1132 1488 1164; x_wconf 91' lang='lat' dir='ltr'>homines</span> <span class='ocrx_word' id='word_1_335' title='bbox 1509 1132 1576 1164; x_wconf 87' lang='lat' dir='ltr'>eius</span> <span class='ocrx_word' id='word_1_336' title='bbox 1598 1134 1682 1165; x_wconf 88' lang='lat' dir='ltr'>modi</span> <span class='ocrx_word' id='word_1_337' title='bbox 1706 1158 1711 1164; x_wconf 95' lang='lat'>.</span> <span class='ocrx_word' id='word_1_338' title='bbox 1737 1159 1743 1165; x_wconf 87' lang='lat'>.</span> <span class='ocrx_word' id='word_1_339' title='bbox 1768 1159 1773 1165; x_wconf 96' lang='lat'>.</span> <span class='ocrx_word' id='word_1_340' title='bbox 1798 1158 1805 1164; x_wconf 94' lang='lat'>.</span> <span class='ocrx_word' id='word_1_341' title='bbox 1849 1133 1959 1166; x_wconf 88' lang='lat' dir='ltr'>Partit.</span> 
     </span>
     <span class='ocr_line' id='line_1_31' title="bbox 165 1174 1961 1215; baseline 0.002 -11"><span class='ocrx_word' id='word_1_342' title='bbox 165 1177 244 1204; x_wconf 90' lang='lat' dir='ltr'>orat.</span> <span class='ocrx_word' id='word_1_343' title='bbox 270 1174 326 1205; x_wconf 70' lang='grc' dir='ltr'>’ἴδε</span> <span class='ocrx_word' id='word_1_344' title='bbox 370 1174 427 1205; x_wconf 88' lang='lat' dir='ltr'>Est</span> <span class='ocrx_word' id='word_1_345' title='bbox 448 1175 545 1214; x_wconf 88' lang='lat' dir='ltr'>igitur</span> <span class='ocrx_word' id='word_1_346' title='bbox 567 1175 613 1206; x_wconf 89' lang='lat' dir='ltr'>vis</span> <span class='ocrx_word' id='word_1_347' title='bbox 637 1176 762 1206; x_wconf 86' lang='lat' dir='ltr'>virtutis</span> <span class='ocrx_word' id='word_1_348' title='bbox 785 1175 915 1214; x_wconf 84' lang='lat' dir='ltr'>duplex:</span> <span class='ocrx_word' id='word_1_349' title='bbox 938 1178 994 1206; x_wconf 87' lang='lat' dir='ltr'>aut</span> <span class='ocrx_word' id='word_1_350' title='bbox 1015 1175 1097 1206; x_wconf 91' lang='lat' dir='ltr'>enim</span> <span class='ocrx_word' id='word_1_351' title='bbox 1116 1175 1246 1206; x_wconf 89' lang='lat' dir='ltr'>scientia</span> <span class='ocrx_word' id='word_1_352' title='bbox 1267 1175 1405 1206; x_wconf 88' lang='lat' dir='ltr'>cernitur</span> <span class='ocrx_word' id='word_1_353' title='bbox 1426 1175 1525 1206; x_wconf 91' lang='lat' dir='ltr'>virtus</span> <span class='ocrx_word' id='word_1_354' title='bbox 1547 1179 1602 1206; x_wconf 86' lang='lat' dir='ltr'>aut</span> <span class='ocrx_word' id='word_1_355' title='bbox 1623 1176 1754 1207; x_wconf 82' lang='lat' dir='ltr'>actione.</span> <span class='ocrx_word' id='word_1_356' title='bbox 1787 1176 1866 1207; x_wconf 90' lang='lat' dir='ltr'>Nam</span> <span class='ocrx_word' id='word_1_357' title='bbox 1881 1185 1961 1215; x_wconf 87' lang='lat' dir='ltr'>quae</span> 
     </span>
     <span class='ocr_line' id='line_1_32' title="bbox 165 1215 1959 1255; baseline 0.001 -9"><span class='ocrx_word' id='word_1_358' title='bbox 165 1215 343 1253; x_wconf 85' lang='lat' dir='ltr'>prudentia,</span> <span class='ocrx_word' id='word_1_359' title='bbox 366 1224 447 1254; x_wconf 89' lang='lat' dir='ltr'>quae</span> <span class='ocrx_word' id='word_1_360' title='bbox 461 1215 616 1247; x_wconf 84' lang='lat' dir='ltr'>calliditas</span> <span class='ocrx_word' id='word_1_361' title='bbox 638 1225 777 1255; x_wconf 90' lang='lat' dir='ltr'>quaeque</span> <span class='ocrx_word' id='word_1_362' title='bbox 799 1217 982 1255; x_wconf 87' lang='lat' dir='ltr'>gravissimo</span> <span class='ocrx_word' id='word_1_363' title='bbox 1004 1217 1126 1247; x_wconf 90' lang='lat' dir='ltr'>nomine</span> <span class='ocrx_word' id='word_1_364' title='bbox 1145 1217 1301 1255; x_wconf 81' lang='lat' dir='ltr'>sapientia</span> <span class='ocrx_word' id='word_1_365' title='bbox 1317 1216 1501 1255; x_wconf 85' lang='lat' dir='ltr'>appellatur,</span> <span class='ocrx_word' id='word_1_366' title='bbox 1523 1215 1599 1247; x_wconf 88' lang='lat' dir='ltr'>haec</span> <span class='ocrx_word' id='word_1_367' title='bbox 1617 1216 1748 1247; x_wconf 87' lang='lat' dir='ltr'>scientia</span> <span class='ocrx_word' id='word_1_368' title='bbox 1770 1216 1867 1255; x_wconf 88' lang='lat' dir='ltr'>pollet</span> <span class='ocrx_word' id='word_1_369' title='bbox 1888 1226 1959 1248; x_wconf 88' lang='lat' dir='ltr'>una.</span> 
     </span>
     <span class='ocr_line' id='line_1_33' title="bbox 165 1256 1961 1298; baseline 0.001 -10"><span class='ocrx_word' id='word_1_370' title='bbox 165 1256 252 1293; x_wconf 85' lang='lat' dir='ltr'>Quae</span> <span class='ocrx_word' id='word_1_371' title='bbox 273 1265 348 1288; x_wconf 90' lang='lat' dir='ltr'>vero</span> <span class='ocrx_word' id='word_1_372' title='bbox 363 1257 563 1289; x_wconf 86' lang='lat' dir='ltr'>moderandis</span> <span class='ocrx_word' id='word_1_373' title='bbox 579 1257 801 1298; x_wconf 90' lang='lat' dir='ltr'>cupiditatibus</span> <span class='ocrx_word' id='word_1_374' title='bbox 824 1257 1030 1297; x_wconf 85' lang='lat' dir='ltr'>regendisque</span> <span class='ocrx_word' id='word_1_375' title='bbox 1045 1257 1139 1288; x_wconf 91' lang='lat' dir='ltr'>animi</span> <span class='ocrx_word' id='word_1_376' title='bbox 1155 1257 1288 1289; x_wconf 88' lang='lat' dir='ltr'>motibus</span> <span class='ocrx_word' id='word_1_377' title='bbox 1302 1257 1457 1296; x_wconf 88' lang='lat' dir='ltr'>laudatur,</span> <span class='ocrx_word' id='word_1_378' title='bbox 1479 1257 1546 1289; x_wconf 88' lang='lat' dir='ltr'>eius</span> <span class='ocrx_word' id='word_1_379' title='bbox 1568 1260 1617 1289; x_wconf 86' lang='lat' dir='ltr'>est</span> <span class='ocrx_word' id='word_1_380' title='bbox 1639 1266 1749 1289; x_wconf 88' lang='lat' dir='ltr'>munus</span> <span class='ocrx_word' id='word_1_381' title='bbox 1770 1258 1802 1289; x_wconf 93' lang='lat' dir='ltr'>in</span> <span class='ocrx_word' id='word_1_382' title='bbox 1824 1258 1961 1297; x_wconf 80' lang='lat' dir='ltr'>agend03</span> 
     </span>
     <span class='ocr_line' id='line_1_34' title="bbox 165 1298 1960 1339; baseline 0.001 -10"><span class='ocrx_word' id='word_1_383' title='bbox 165 1298 217 1329; x_wconf 90' lang='lat' dir='ltr'>cui</span> <span class='ocrx_word' id='word_1_384' title='bbox 235 1299 462 1337; x_wconf 81' lang='lat' dir='ltr'>temperantiae</span> <span class='ocrx_word' id='word_1_385' title='bbox 477 1308 587 1330; x_wconf 91' lang='lat' dir='ltr'>nomen</span> <span class='ocrx_word' id='word_1_386' title='bbox 607 1304 663 1330; x_wconf 86' lang='lat' dir='ltr'>est.</span> <span class='ocrx_word' id='word_1_387' title='bbox 694 1299 783 1330; x_wconf 90' lang='lat' dir='ltr'>Verr.</span> <span class='ocrx_word' id='word_1_388' title='bbox 802 1299 858 1338; x_wconf 93' lang='lat' dir='ltr'>III,</span> <span class='ocrx_word' id='word_1_389' title='bbox 882 1299 938 1330; x_wconf 82' lang='lat'>74:</span> <span class='ocrx_word' id='word_1_390' title='bbox 970 1299 1242 1330; x_wconf 86' lang='lat' dir='ltr'>Animadvertistis</span> <span class='ocrx_word' id='word_1_391' title='bbox 1259 1300 1289 1330; x_wconf 93' lang='lat' dir='ltr'>in</span> <span class='ocrx_word' id='word_1_392' title='bbox 1306 1299 1364 1330; x_wconf 90' lang='lat' dir='ltr'>hoc</span> <span class='ocrx_word' id='word_1_393' title='bbox 1381 1299 1568 1337; x_wconf 88' lang='lat' dir='ltr'>testimonio,</span> <span class='ocrx_word' id='word_1_394' title='bbox 1583 1299 1711 1338; x_wconf 88' lang='lat' dir='ltr'>iudices,</span> <span class='ocrx_word' id='word_1_395' title='bbox 1726 1299 1960 1339; x_wconf 88' lang='lat' dir='ltr'>Apollodorum,</span> 
     </span>
     <span class='ocr_line' id='line_1_35' title="bbox 165 1338 1960 1380; baseline 0.001 -10"><span class='ocrx_word' id='word_1_396' title='bbox 165 1339 215 1370; x_wconf 90' lang='lat' dir='ltr'>cui</span> <span class='ocrx_word' id='word_1_397' title='bbox 236 1338 376 1379; x_wconf 83' lang='lat' dir='ltr'>Pyragro</span> <span class='ocrx_word' id='word_1_398' title='bbox 398 1348 567 1378; x_wconf 87' lang='lat' dir='ltr'>cognomen</span> <span class='ocrx_word' id='word_1_399' title='bbox 590 1344 648 1379; x_wconf 87' lang='lat' dir='ltr'>est,</span> <span class='ocrx_word' id='word_1_400' title='bbox 670 1341 841 1379; x_wconf 86' lang='lat' dir='ltr'>principem</span> <span class='ocrx_word' id='word_1_401' title='bbox 863 1349 939 1372; x_wconf 89' lang='lat' dir='ltr'>suae</span> <span class='ocrx_word' id='word_1_402' title='bbox 953 1341 1099 1377; x_wconf 86' lang='lat' dir='ltr'>civitatis,</span> <span class='ocrx_word' id='word_1_403' title='bbox 1125 1341 1337 1372; x_wconf 81' lang='lat' dir='ltr'>lacrimantem</span> <span class='ocrx_word' id='word_1_404' title='bbox 1360 1340 1470 1371; x_wconf 88' lang='lat' dir='ltr'>testari</span> <span class='ocrx_word' id='word_1_405' title='bbox 1491 1349 1528 1371; x_wconf 89' lang='lat' dir='ltr'>ac</span> <span class='ocrx_word' id='word_1_406' title='bbox 1549 1340 1654 1371; x_wconf 87' lang='lat' dir='ltr'>dicere</span> <span class='ocrx_word' id='word_1_407' title='bbox 1670 1364 1798 1371; x_wconf 91' lang='grc'>.....</span> <span class='ocrx_word' id='word_1_408' title='bbox 1821 1341 1895 1380; x_wconf 86' lang='lat' dir='ltr'>Leg.</span> <span class='ocrx_word' id='word_1_409' title='bbox 1920 1341 1960 1379; x_wconf 84' lang='lat'>11,</span> 
     </span>
     <span class='ocr_line' id='line_1_36' title="bbox 164 1380 1959 1421; baseline 0.002 -10"><span class='ocrx_word' id='word_1_410' title='bbox 164 1380 220 1411; x_wconf 83' lang='lat'>62:</span> <span class='ocrx_word' id='word_1_411' title='bbox 251 1404 381 1412; x_wconf 87' lang='lat'>.....</span> <span class='ocrx_word' id='word_1_412' title='bbox 406 1380 636 1412; x_wconf 86' lang='lat' dir='ltr'>Honoratorum</span> <span class='ocrx_word' id='word_1_413' title='bbox 652 1382 789 1412; x_wconf 89' lang='lat' dir='ltr'>virorum</span> <span class='ocrx_word' id='word_1_414' title='bbox 805 1382 912 1413; x_wconf 90' lang='lat' dir='ltr'>laudes</span> <span class='ocrx_word' id='word_1_415' title='bbox 927 1381 958 1412; x_wconf 93' lang='lat' dir='ltr'>in</span> <span class='ocrx_word' id='word_1_416' title='bbox 975 1382 1117 1412; x_wconf 91' lang='lat' dir='ltr'>contione</span> <span class='ocrx_word' id='word_1_417' title='bbox 1138 1385 1349 1413; x_wconf 87' lang='lat' dir='ltr'>memorentur</span> <span class='ocrx_word' id='word_1_418' title='bbox 1363 1390 1476 1421; x_wconf 88' lang='lat' dir='ltr'>easque</span> <span class='ocrx_word' id='word_1_419' title='bbox 1499 1381 1593 1413; x_wconf 90' lang='lat' dir='ltr'>etiam</span> <span class='ocrx_word' id='word_1_420' title='bbox 1609 1384 1720 1412; x_wconf 90' lang='lat' dir='ltr'>cantus</span> <span class='ocrx_word' id='word_1_421' title='bbox 1741 1382 1781 1412; x_wconf 90' lang='lat' dir='ltr'>ad</span> <span class='ocrx_word' id='word_1_422' title='bbox 1803 1381 1959 1414; x_wconf 90' lang='lat' dir='ltr'>tibicinem</span> 
     </span>
     <span class='ocr_line' id='line_1_37' title="bbox 162 1422 1896 1463; baseline 0.001 -10"><span class='ocrx_word' id='word_1_423' title='bbox 162 1426 380 1462; x_wconf 86' lang='lat' dir='ltr'>prosequatur,</span> <span class='ocrx_word' id='word_1_424' title='bbox 403 1422 452 1453; x_wconf 91' lang='lat' dir='ltr'>cui</span> <span class='ocrx_word' id='word_1_425' title='bbox 476 1431 586 1454; x_wconf 90' lang='lat' dir='ltr'>nomen</span> <span class='ocrx_word' id='word_1_426' title='bbox 610 1423 730 1460; x_wconf 89' lang='lat' dir='ltr'>neniae,</span> <span class='ocrx_word' id='word_1_427' title='bbox 754 1433 814 1463; x_wconf 90' lang='lat' dir='ltr'>quo</span> <span class='ocrx_word' id='word_1_428' title='bbox 837 1422 986 1454; x_wconf 90' lang='lat' dir='ltr'>vacabulo</span> <span class='ocrx_word' id='word_1_429' title='bbox 1008 1423 1101 1454; x_wconf 86' lang='lat' dir='ltr'>etiam</span> <span class='ocrx_word' id='word_1_430' title='bbox 1124 1423 1208 1462; x_wconf 89' lang='lat' dir='ltr'>apud</span> <span class='ocrx_word' id='word_1_431' title='bbox 1230 1422 1367 1455; x_wconf 86' lang='lat' dir='ltr'>Graecos</span> <span class='ocrx_word' id='word_1_432' title='bbox 1389 1426 1499 1454; x_wconf 89' lang='lat' dir='ltr'>cantus</span> <span class='ocrx_word' id='word_1_433' title='bbox 1520 1422 1668 1463; x_wconf 81' lang='lat' dir='ltr'>lugubres</span> <span class='ocrx_word' id='word_1_434' title='bbox 1689 1423 1896 1455; x_wconf 86' lang='lat' dir='ltr'>nominantur.</span> 
     </span>
    </p>

    <p class='ocr_par' dir='ltr' id='par_1_9' title="bbox 161 1463 1959 1710">
     <span class='ocr_line' id='line_1_38' title="bbox 312 1463 1959 1505; baseline 0.001 -11"><span class='ocrx_word' id='word_1_435' title='bbox 312 1463 453 1504; x_wconf 88' lang='lat' dir='ltr'>Denique</span> <span class='ocrx_word' id='word_1_436' title='bbox 483 1464 543 1495; x_wconf 88' lang='lat' dir='ltr'>huc</span> <span class='ocrx_word' id='word_1_437' title='bbox 574 1464 747 1496; x_wconf 88' lang='lat' dir='ltr'>rettulerim</span> <span class='ocrx_word' id='word_1_438' title='bbox 780 1465 854 1504; x_wconf 90' lang='lat' dir='ltr'>Leg.</span> <span class='ocrx_word' id='word_1_439' title='bbox 888 1464 937 1503; x_wconf 96' lang='lat' dir='ltr'>II,</span> <span class='ocrx_word' id='word_1_440' title='bbox 969 1466 1001 1495; x_wconf 91' lang='lat' dir='ltr'>l:</span> <span class='ocrx_word' id='word_1_441' title='bbox 1046 1464 1106 1496; x_wconf 89' lang='lat' dir='ltr'>Sed</span> <span class='ocrx_word' id='word_1_442' title='bbox 1136 1464 1223 1495; x_wconf 91' lang='lat' dir='ltr'>visne</span> <span class='ocrx_word' id='word_1_443' title='bbox 1249 1482 1291 1486; x_wconf 89' lang='lat'>—</span> <span class='ocrx_word' id='word_1_444' title='bbox 1319 1465 1419 1496; x_wconf 91' lang='lat' dir='ltr'>locum</span> <span class='ocrx_word' id='word_1_445' title='bbox 1448 1467 1602 1495; x_wconf 91' lang='lat' dir='ltr'>mutemus</span> <span class='ocrx_word' id='word_1_446' title='bbox 1631 1468 1663 1496; x_wconf 89' lang='lat' dir='ltr'>et</span> <span class='ocrx_word' id='word_1_447' title='bbox 1684 1465 1714 1495; x_wconf 93' lang='lat' dir='ltr'>in</span> <span class='ocrx_word' id='word_1_448' title='bbox 1737 1465 1848 1503; x_wconf 84' lang='lat' dir='ltr'>insula,</span> <span class='ocrx_word' id='word_1_449' title='bbox 1879 1475 1959 1505; x_wconf 78' lang='lat' dir='ltr'>quae</span> 
     </span>
     <span class='ocr_line' id='line_1_39' title="bbox 163 1505 1958 1545; baseline 0.001 -9"><span class='ocrx_word' id='word_1_450' title='bbox 163 1509 212 1537; x_wconf 89' lang='lat' dir='ltr'>est</span> <span class='ocrx_word' id='word_1_451' title='bbox 242 1507 273 1536; x_wconf 93' lang='lat' dir='ltr'>in</span> <span class='ocrx_word' id='word_1_452' title='bbox 304 1505 439 1536; x_wconf 87' lang='lat' dir='ltr'>Fibreno</span> <span class='ocrx_word' id='word_1_453' title='bbox 468 1506 569 1542; x_wconf 80' lang='lat' dir='ltr'>(nam,</span> <span class='ocrx_word' id='word_1_454' title='bbox 599 1506 725 1544; x_wconf 90' lang='lat' dir='ltr'>opinor,</span> <span class='ocrx_word' id='word_1_455' title='bbox 755 1506 787 1536; x_wconf 91' lang='lat' dir='ltr'>id</span> <span class='ocrx_word' id='word_1_456' title='bbox 816 1505 862 1536; x_wconf 91' lang='lat' dir='ltr'>illi</span> <span class='ocrx_word' id='word_1_457' title='bbox 892 1505 982 1536; x_wconf 88' lang='lat' dir='ltr'>alteri</span> <span class='ocrx_word' id='word_1_458' title='bbox 1013 1505 1131 1536; x_wconf 89' lang='lat' dir='ltr'>flumini</span> <span class='ocrx_word' id='word_1_459' title='bbox 1158 1514 1268 1536; x_wconf 88' lang='lat' dir='ltr'>nomen</span> <span class='ocrx_word' id='word_1_460' title='bbox 1300 1506 1361 1543; x_wconf 89' lang='lat' dir='ltr'>est)</span> <span class='ocrx_word' id='word_1_461' title='bbox 1391 1505 1524 1536; x_wconf 90' lang='lat' dir='ltr'>sermoni</span> <span class='ocrx_word' id='word_1_462' title='bbox 1554 1505 1672 1544; x_wconf 90' lang='lat' dir='ltr'>reliquo</span> <span class='ocrx_word' id='word_1_463' title='bbox 1702 1507 1811 1536; x_wconf 89' lang='lat' dir='ltr'>demus</span> <span class='ocrx_word' id='word_1_464' title='bbox 1833 1515 1958 1545; x_wconf 87' lang='lat' dir='ltr'>operam</span> 
     </span>
     <span class='ocr_line' id='line_1_40' title="bbox 162 1545 1958 1586; baseline 0.001 -9"><span class='ocrx_word' id='word_1_465' title='bbox 162 1547 330 1577; x_wconf 70' lang='lat' dir='ltr'>sedentes?</span> <span class='ocrx_word' id='word_1_466' title='bbox 378 1545 447 1577; x_wconf 92' lang='lat' dir='ltr'>Div.</span> <span class='ocrx_word' id='word_1_467' title='bbox 479 1546 511 1582; x_wconf 85' lang='grc' dir='ltr'>Ι,</span> <span class='ocrx_word' id='word_1_468' title='bbox 542 1546 580 1577; x_wconf 84' lang='lat'>8:</span> <span class='ocrx_word' id='word_1_469' title='bbox 624 1546 705 1578; x_wconf 90' lang='lat' dir='ltr'>Nam</span> <span class='ocrx_word' id='word_1_470' title='bbox 736 1555 805 1578; x_wconf 91' lang='lat' dir='ltr'>cum</span> <span class='ocrx_word' id='word_1_471' title='bbox 836 1545 1014 1577; x_wconf 86' lang='lat' dir='ltr'>ambulandi</span> <span class='ocrx_word' id='word_1_472' title='bbox 1043 1555 1138 1577; x_wconf 86' lang='lat' dir='ltr'>causa</span> <span class='ocrx_word' id='word_1_473' title='bbox 1168 1547 1199 1576; x_wconf 92' lang='lat' dir='ltr'>in</span> <span class='ocrx_word' id='word_1_474' title='bbox 1230 1546 1364 1586; x_wconf 86' lang='lat' dir='ltr'>Lyceum</span> <span class='ocrx_word' id='word_1_475' title='bbox 1396 1546 1586 1578; x_wconf 87' lang='lat' dir='ltr'>venissemus</span> <span class='ocrx_word' id='word_1_476' title='bbox 1615 1546 1661 1584; x_wconf 89' lang='lat' dir='ltr'>(id</span> <span class='ocrx_word' id='word_1_477' title='bbox 1692 1546 1774 1577; x_wconf 91' lang='lat' dir='ltr'>enim</span> <span class='ocrx_word' id='word_1_478' title='bbox 1804 1547 1958 1586; x_wconf 86' lang='lat' dir='ltr'>superiori</span> 
     </span>
     <span class='ocr_line' id='line_1_41' title="bbox 161 1587 1958 1628; baseline 0.001 -9"><span class='ocrx_word' id='word_1_479' title='bbox 161 1587 323 1628; x_wconf 86' lang='lat' dir='ltr'>gymnasio</span> <span class='ocrx_word' id='word_1_480' title='bbox 338 1597 449 1619; x_wconf 91' lang='lat' dir='ltr'>nomen</span> <span class='ocrx_word' id='word_1_481' title='bbox 461 1589 532 1627; x_wconf 90' lang='lat' dir='ltr'>est),</span> <span class='ocrx_word' id='word_1_482' title='bbox 554 1587 686 1628; x_wconf 84' lang='lat' dir='ltr'>Perlegi,</span> <span class='ocrx_word' id='word_1_483' title='bbox 703 1587 780 1628; x_wconf 91' lang='lat' dir='ltr'>[ille]</span> <span class='ocrx_word' id='word_1_484' title='bbox 796 1588 904 1628; x_wconf 90' lang='lat' dir='ltr'>inquit,</span> <span class='ocrx_word' id='word_1_485' title='bbox 927 1590 1015 1619; x_wconf 90' lang='lat' dir='ltr'>tuum</span> <span class='ocrx_word' id='word_1_486' title='bbox 1031 1587 1125 1627; x_wconf 88' lang='lat' dir='ltr'>paulo</span> <span class='ocrx_word' id='word_1_487' title='bbox 1148 1591 1220 1619; x_wconf 87' lang='lat' dir='ltr'>ante</span> <span class='ocrx_word' id='word_1_488' title='bbox 1242 1588 1369 1619; x_wconf 89' lang='lat' dir='ltr'>tertium</span> <span class='ocrx_word' id='word_1_489' title='bbox 1392 1587 1431 1619; x_wconf 91' lang='lat' dir='ltr'>de</span> <span class='ocrx_word' id='word_1_490' title='bbox 1453 1590 1566 1619; x_wconf 83' lang='lat' dir='ltr'>natura</span> <span class='ocrx_word' id='word_1_491' title='bbox 1584 1587 1719 1619; x_wconf 90' lang='lat' dir='ltr'>deorum.</span> <span class='ocrx_word' id='word_1_492' title='bbox 1737 1606 1776 1611; x_wconf 88' lang='lat'><strong>—</strong></span> <span class='ocrx_word' id='word_1_493' title='bbox 1792 1588 1837 1627; x_wconf 89' lang='lat' dir='ltr'>„A</span> <span class='ocrx_word' id='word_1_494' title='bbox 1853 1588 1958 1621; x_wconf 90' lang='lat' dir='ltr'>multis</span> 
     </span>
     <span class='ocr_line' id='line_1_42' title="bbox 162 1629 1959 1669; baseline 0.001 -8"><span class='ocrx_word' id='word_1_495' title='bbox 162 1630 247 1661; x_wconf 86' lang='lat' dir='ltr'>varie</span> <span class='ocrx_word' id='word_1_496' title='bbox 277 1633 464 1669; x_wconf 90' lang='lat' dir='ltr'>temptatum</span> <span class='ocrx_word' id='word_1_497' title='bbox 495 1630 719 1661; x_wconf 87' lang='lat' dir='ltr'>recentioribus</span> <span class='ocrx_word' id='word_1_498' title='bbox 749 1630 813 1661; x_wconf 85' lang='lat' dir='ltr'>fere</span> <span class='ocrx_word' id='word_1_499' title='bbox 843 1639 952 1661; x_wconf 87' lang='lat' dir='ltr'>sanum</span> <span class='ocrx_word' id='word_1_500' title='bbox 983 1630 1125 1661; x_wconf 88' lang='lat' dir='ltr'>videtur“</span> <span class='ocrx_word' id='word_1_501' title='bbox 1147 1630 1228 1668; x_wconf 92' lang='lat' dir='ltr'>quod</span> <span class='ocrx_word' id='word_1_502' title='bbox 1258 1629 1390 1667; x_wconf 85' lang='lat' dir='ltr'>legimus</span> <span class='ocrx_word' id='word_1_503' title='bbox 1423 1629 1496 1668; x_wconf 87' lang='lat' dir='ltr'>Leg.</span> <span class='ocrx_word' id='word_1_504' title='bbox 1525 1629 1568 1667; x_wconf 93' lang='lat' dir='ltr'>II,</span> <span class='ocrx_word' id='word_1_505' title='bbox 1599 1629 1635 1659; x_wconf 82' lang='lat'>5:</span> <span class='ocrx_word' id='word_1_506' title='bbox 1680 1629 1741 1660; x_wconf 91' lang='lat' dir='ltr'>Sed</span> <span class='ocrx_word' id='word_1_507' title='bbox 1762 1639 1887 1661; x_wconf 88' lang='lat' dir='ltr'>necesse</span> <span class='ocrx_word' id='word_1_508' title='bbox 1909 1635 1959 1662; x_wconf 86' lang='lat' dir='ltr'>est</span> 
     </span>
     <span class='ocr_line' id='line_1_43' title="bbox 163 1670 1452 1710; baseline -0.002 -8"><span class='ocrx_word' id='word_1_509' title='bbox 163 1671 295 1702; x_wconf 87' lang='lat' dir='ltr'>caritate</span> <span class='ocrx_word' id='word_1_510' title='bbox 316 1680 385 1702; x_wconf 90' lang='lat' dir='ltr'>eam</span> <span class='ocrx_word' id='word_1_511' title='bbox 406 1673 579 1710; x_wconf 87' lang='lat' dir='ltr'>praestare,</span> <span class='ocrx_word' id='word_1_512' title='bbox 602 1680 664 1710; x_wconf 89' lang='lat' dir='ltr'>qua</span> <span class='ocrx_word' id='word_1_513' title='bbox 686 1671 731 1702; x_wconf 91' lang='lat' dir='ltr'>rei</span> <span class='ocrx_word' id='word_1_514' title='bbox 753 1670 895 1710; x_wconf 90' lang='lat' dir='ltr'>publicae</span> <span class='ocrx_word' id='word_1_515' title='bbox 917 1680 1026 1701; x_wconf 91' lang='lat' dir='ltr'>nomen</span> <span class='ocrx_word' id='word_1_516' title='bbox 1051 1670 1215 1701; x_wconf 86' lang='lat' dir='ltr'>universae</span> <span class='ocrx_word' id='word_1_517' title='bbox 1237 1671 1373 1701; x_wconf 87' lang='lat' dir='ltr'>civitatis</span> <span class='ocrx_word' id='word_1_518' title='bbox 1395 1673 1452 1701; x_wconf 87' lang='lat' dir='ltr'>est.</span> 
     </span>
    </p>

    <p class='ocr_par' dir='ltr' id='par_1_10' title="bbox 161 1711 2142 1959">
     <span class='ocr_line' id='line_1_44' title="bbox 314 1711 1959 1752; baseline 0.001 -9"><span class='ocrx_word' id='word_1_519' title='bbox 314 1711 461 1744; x_wconf 89' lang='lat' dir='ltr'>Honos.</span> <span class='ocrx_word' id='word_1_520' title='bbox 491 1711 692 1744; x_wconf 88' lang='lat' dir='ltr'>Nobilissima</span> <span class='ocrx_word' id='word_1_521' title='bbox 708 1712 907 1744; x_wconf 89' lang='lat' dir='ltr'>inveniuntur</span> <span class='ocrx_word' id='word_1_522' title='bbox 928 1711 1069 1751; x_wconf 89' lang='lat' dir='ltr'>exempla</span> <span class='ocrx_word' id='word_1_523' title='bbox 1092 1711 1181 1743; x_wconf 93' lang='lat' dir='ltr'>Tusc.</span> <span class='ocrx_word' id='word_1_524' title='bbox 1198 1711 1223 1750; x_wconf 91' lang='lat'>1,</span> <span class='ocrx_word' id='word_1_525' title='bbox 1246 1711 1281 1743; x_wconf 89' lang='lat'>3:</span> <span class='ocrx_word' id='word_1_526' title='bbox 1312 1711 1503 1751; x_wconf 87' lang='lat' dir='ltr'>Quamquam</span> <span class='ocrx_word' id='word_1_527' title='bbox 1526 1714 1574 1742; x_wconf 87' lang='lat' dir='ltr'>est</span> <span class='ocrx_word' id='word_1_528' title='bbox 1596 1712 1626 1742; x_wconf 89' lang='lat' dir='ltr'>in</span> <span class='ocrx_word' id='word_1_529' title='bbox 1650 1711 1828 1752; x_wconf 87' lang='lat' dir='ltr'>Originibus</span> <span class='ocrx_word' id='word_1_530' title='bbox 1849 1712 1959 1745; x_wconf 87' lang='lat' dir='ltr'>solitos</span> 
     </span>
     <span class='ocr_line' id='line_1_45' title="bbox 163 1752 2120 1793; baseline 0.001 -8"><span class='ocrx_word' id='word_1_531' title='bbox 163 1763 233 1786; x_wconf 89' lang='lat' dir='ltr'>esse</span> <span class='ocrx_word' id='word_1_532' title='bbox 264 1755 296 1785; x_wconf 91' lang='lat' dir='ltr'>in</span> <span class='ocrx_word' id='word_1_533' title='bbox 328 1754 428 1793; x_wconf 89' lang='lat' dir='ltr'>epulis</span> <span class='ocrx_word' id='word_1_534' title='bbox 461 1763 572 1786; x_wconf 89' lang='lat' dir='ltr'>canere</span> <span class='ocrx_word' id='word_1_535' title='bbox 605 1754 751 1786; x_wconf 83' lang='lat' dir='ltr'>convivas</span> <span class='ocrx_word' id='word_1_536' title='bbox 783 1755 822 1785; x_wconf 87' lang='lat' dir='ltr'>ad</span> <span class='ocrx_word' id='word_1_537' title='bbox 854 1754 1011 1785; x_wconf 89' lang='lat' dir='ltr'>tibicinem</span> <span class='ocrx_word' id='word_1_538' title='bbox 1041 1754 1080 1784; x_wconf 88' lang='lat' dir='ltr'>de</span> <span class='ocrx_word' id='word_1_539' title='bbox 1110 1754 1262 1785; x_wconf 87' lang='lat' dir='ltr'>clarorum</span> <span class='ocrx_word' id='word_1_540' title='bbox 1286 1753 1445 1785; x_wconf 90' lang='lat' dir='ltr'>hominum</span> <span class='ocrx_word' id='word_1_541' title='bbox 1466 1752 1642 1791; x_wconf 80' lang='lat' dir='ltr'>virtutibus.</span> <span class='ocrx_word' id='word_1_542' title='bbox 1676 1754 1822 1785; x_wconf 88' lang='lat' dir='ltr'>honorem</span> <span class='ocrx_word' id='word_1_543' title='bbox 1853 1758 1956 1786; x_wconf 88' lang='lat' dir='ltr'>tamen</span> <span class='ocrx_word' id='word_1_544' title='bbox 2093 1786 2120 1793; x_wconf 46' lang='lat'><em>„</em></span> 
     </span>
     <span class='ocr_line' id='line_1_46' title="bbox 162 1794 2142 1834; baseline 0.001 -8"><span class='ocrx_word' id='word_1_545' title='bbox 162 1795 235 1827; x_wconf 89' lang='lat' dir='ltr'>huic</span> <span class='ocrx_word' id='word_1_546' title='bbox 263 1795 371 1834; x_wconf 87' lang='lat' dir='ltr'>generi</span> <span class='ocrx_word' id='word_1_547' title='bbox 399 1804 459 1826; x_wconf 91' lang='lat' dir='ltr'>non</span> <span class='ocrx_word' id='word_1_548' title='bbox 488 1795 584 1826; x_wconf 86' lang='lat' dir='ltr'>fuisse</span> <span class='ocrx_word' id='word_1_549' title='bbox 613 1795 753 1827; x_wconf 83' lang='lat' dir='ltr'>declarat</span> <span class='ocrx_word' id='word_1_550' title='bbox 781 1795 882 1826; x_wconf 89' lang='lat' dir='ltr'>oratio</span> <span class='ocrx_word' id='word_1_551' title='bbox 912 1795 1048 1826; x_wconf 88' lang='lat' dir='ltr'>Catonis.</span> <span class='ocrx_word' id='word_1_552' title='bbox 1079 1795 1139 1826; x_wconf 92' lang='lat' dir='ltr'>ib.:</span> <span class='ocrx_word' id='word_1_553' title='bbox 1179 1796 1246 1832; x_wconf 80' lang='lat' dir='ltr'>Quo</span> <span class='ocrx_word' id='word_1_554' title='bbox 1276 1796 1378 1826; x_wconf 89' lang='lat' dir='ltr'>minus</span> <span class='ocrx_word' id='word_1_555' title='bbox 1408 1795 1504 1834; x_wconf 89' lang='lat' dir='ltr'>igitur</span> <span class='ocrx_word' id='word_1_556' title='bbox 1533 1794 1659 1825; x_wconf 90' lang='lat' dir='ltr'>honoris</span> <span class='ocrx_word' id='word_1_557' title='bbox 1689 1798 1756 1826; x_wconf 88' lang='lat' dir='ltr'>erat</span> <span class='ocrx_word' id='word_1_558' title='bbox 1778 1796 1890 1834; x_wconf 80' lang='lat' dir='ltr'>poetis,</span> <span class='ocrx_word' id='word_1_559' title='bbox 1920 1804 1958 1827; x_wconf 88' lang='lat' dir='ltr'>eo</span> <span class='ocrx_word' id='word_1_560' title='bbox 2075 1800 2142 1823; x_wconf 44' lang='grc' dir='ltr'>ι’</span> 
     </span>
     <span class='ocr_line' id='line_1_47' title="bbox 161 1835 2111 1876; baseline 0 -8"><span class='ocrx_word' id='word_1_561' title='bbox 161 1837 284 1868; x_wconf 88' lang='lat' dir='ltr'>minora</span> <span class='ocrx_word' id='word_1_562' title='bbox 312 1836 416 1867; x_wconf 88' lang='lat' dir='ltr'>studia</span> <span class='ocrx_word' id='word_1_563' title='bbox 446 1835 579 1867; x_wconf 82' lang='lat' dir='ltr'>fuerunt.</span> <span class='ocrx_word' id='word_1_564' title='bbox 630 1837 713 1875; x_wconf 88' lang='lat' dir='ltr'>(Huc</span> <span class='ocrx_word' id='word_1_565' title='bbox 742 1846 802 1867; x_wconf 91' lang='lat' dir='ltr'>non</span> <span class='ocrx_word' id='word_1_566' title='bbox 830 1836 965 1876; x_wconf 88' lang='lat' dir='ltr'>quadrat</span> <span class='ocrx_word' id='word_1_567' title='bbox 994 1836 1032 1867; x_wconf 90' lang='lat' dir='ltr'>ob</span> <span class='ocrx_word' id='word_1_568' title='bbox 1066 1836 1310 1875; x_wconf 85' lang='lat' dir='ltr'>praedicativam</span> <span class='ocrx_word' id='word_1_569' title='bbox 1339 1836 1503 1875; x_wconf 88' lang='lat' dir='ltr'>adiectivi,</span> <span class='ocrx_word' id='word_1_570' title='bbox 1531 1835 1629 1867; x_wconf 88' lang='lat' dir='ltr'>dativi</span> <span class='ocrx_word' id='word_1_571' title='bbox 1659 1845 1720 1867; x_wconf 92' lang='lat' dir='ltr'>non</span> <span class='ocrx_word' id='word_1_572' title='bbox 1749 1837 1957 1875; x_wconf 86' lang='lat' dir='ltr'>possessivam</span> <span class='ocrx_word' id='word_1_573' title='bbox 2076 1836 2087 1844; x_wconf 70' lang='lat'><strong>²</strong></span> <span class='ocrx_word' id='word_1_574' title='bbox 2108 1848 2111 1852; x_wconf 55' lang='lat'>&gt;</span> 
     </span>
     <span class='ocr_line' id='line_1_48' title="bbox 161 1877 1955 1917; baseline 0 -8"><span class='ocrx_word' id='word_1_575' title='bbox 161 1878 224 1909; x_wconf 79' lang='lat' dir='ltr'>vim</span> <span class='ocrx_word' id='word_1_576' title='bbox 255 1877 332 1909; x_wconf 87' lang='lat' dir='ltr'>Phil.</span> <span class='ocrx_word' id='word_1_577' title='bbox 355 1877 402 1915; x_wconf 92' lang='lat' dir='ltr'>V,</span> <span class='ocrx_word' id='word_1_578' title='bbox 433 1877 491 1908; x_wconf 81' lang='lat'>45:</span> <span class='ocrx_word' id='word_1_579' title='bbox 535 1878 594 1914; x_wconf 85' lang='lat' dir='ltr'>Qui</span> <span class='ocrx_word' id='word_1_580' title='bbox 624 1878 722 1909; x_wconf 82' lang='lat' dir='ltr'>honos</span> <span class='ocrx_word' id='word_1_581' title='bbox 753 1887 938 1917; x_wconf 87' lang='lat' dir='ltr'>quamquam</span> <span class='ocrx_word' id='word_1_582' title='bbox 967 1881 1016 1909; x_wconf 87' lang='lat' dir='ltr'>est</span> <span class='ocrx_word' id='word_1_583' title='bbox 1048 1886 1177 1916; x_wconf 88' lang='lat' dir='ltr'>magnus</span> <span class='ocrx_word' id='word_1_584' title='bbox 1204 1877 1249 1908; x_wconf 93' lang='lat' dir='ltr'>illi</span> <span class='ocrx_word' id='word_1_585' title='bbox 1272 1878 1385 1915; x_wconf 88' lang='lat' dir='ltr'>aetati,</span> <span class='ocrx_word' id='word_1_586' title='bbox 1415 1881 1517 1909; x_wconf 91' lang='lat' dir='ltr'>tamen</span> <span class='ocrx_word' id='word_1_587' title='bbox 1551 1877 1591 1908; x_wconf 89' lang='lat' dir='ltr'>ad</span> <span class='ocrx_word' id='word_1_588' title='bbox 1613 1878 1829 1909; x_wconf 83' lang='lat' dir='ltr'>necessitatem</span> <span class='ocrx_word' id='word_1_589' title='bbox 1852 1887 1955 1910; x_wconf 89' lang='lat' dir='ltr'>rerum</span> 
     </span>
     <span class='ocr_line' id='line_1_49' title="bbox 161 1919 980 1959; baseline 0 -9"><span class='ocrx_word' id='word_1_590' title='bbox 161 1919 380 1959; x_wconf 83' lang='lat' dir='ltr'>gerendarum,</span> <span class='ocrx_word' id='word_1_591' title='bbox 402 1928 464 1950; x_wconf 91' lang='lat' dir='ltr'>non</span> <span class='ocrx_word' id='word_1_592' title='bbox 487 1919 585 1949; x_wconf 90' lang='lat' dir='ltr'>solum</span> <span class='ocrx_word' id='word_1_593' title='bbox 607 1920 645 1949; x_wconf 86' lang='lat' dir='ltr'>ad</span> <span class='ocrx_word' id='word_1_594' title='bbox 668 1919 852 1958; x_wconf 90' lang='lat' dir='ltr'>dignitatem</span> <span class='ocrx_word' id='word_1_595' title='bbox 874 1919 980 1956; x_wconf 87' lang='lat' dir='ltr'>valet.)</span> 
     </span>
    </p>

    <p class='ocr_par' dir='ltr' id='par_1_11' title="bbox 159 1958 2145 2123">
     <span class='ocr_line' id='line_1_50' title="bbox 312 1958 2099 2000; baseline 0.001 -10"><span class='ocrx_word' id='word_1_596' title='bbox 312 1960 391 1999; x_wconf 87' lang='lat' dir='ltr'>Ops</span> <span class='ocrx_word' id='word_1_597' title='bbox 422 1958 590 1998; x_wconf 87' lang='lat' dir='ltr'>(translate</span> <span class='ocrx_word' id='word_1_598' title='bbox 618 1960 747 1999; x_wconf 77' lang='lat' dir='ltr'>usurp).</span> <span class='ocrx_word' id='word_1_599' title='bbox 791 1960 856 1991; x_wconf 89' lang='lat' dir='ltr'>Cat.</span> <span class='ocrx_word' id='word_1_600' title='bbox 889 1960 928 1990; x_wconf 92' lang='lat' dir='ltr'>M.</span> <span class='ocrx_word' id='word_1_601' title='bbox 960 1962 995 1990; x_wconf 84' lang='lat'>4:</span> <span class='ocrx_word' id='word_1_602' title='bbox 1042 1959 1160 1996; x_wconf 85' lang='lat' dir='ltr'>Quibus</span> <span class='ocrx_word' id='word_1_603' title='bbox 1189 1959 1266 1990; x_wconf 89' lang='lat' dir='ltr'>nihil</span> <span class='ocrx_word' id='word_1_604' title='bbox 1295 1962 1344 1990; x_wconf 92' lang='lat' dir='ltr'>est</span> <span class='ocrx_word' id='word_1_605' title='bbox 1372 1960 1402 1990; x_wconf 91' lang='lat' dir='ltr'>in</span> <span class='ocrx_word' id='word_1_606' title='bbox 1433 1959 1510 1998; x_wconf 88' lang='lat' dir='ltr'>ipsis</span> <span class='ocrx_word' id='word_1_607' title='bbox 1538 1959 1607 1998; x_wconf 90' lang='lat' dir='ltr'>opis</span> <span class='ocrx_word' id='word_1_608' title='bbox 1640 1960 1680 1990; x_wconf 85' lang='lat' dir='ltr'>ad</span> <span class='ocrx_word' id='word_1_609' title='bbox 1701 1959 1778 1990; x_wconf 88' lang='lat' dir='ltr'>bene</span> <span class='ocrx_word' id='word_1_610' title='bbox 1804 1959 1957 2000; x_wconf 88' lang='lat' dir='ltr'>beateque</span> <span class='ocrx_word' id='word_1_611' title='bbox 2094 1994 2099 1997; x_wconf 73' lang='grc'>,</span> 
     </span>
     <span class='ocr_line' id='line_1_51' title="bbox 159 2001 2145 2042; baseline 0.002 -11"><span class='ocrx_word' id='word_1_612' title='bbox 159 2001 337 2038; x_wconf 83' lang='lat' dir='ltr'>vivendum,</span> <span class='ocrx_word' id='word_1_613' title='bbox 359 2002 406 2032; x_wconf 88' lang='lat' dir='ltr'>eis</span> <span class='ocrx_word' id='word_1_614' title='bbox 428 2001 529 2031; x_wconf 91' lang='lat' dir='ltr'>omnis</span> <span class='ocrx_word' id='word_1_615' title='bbox 551 2004 639 2032; x_wconf 88' lang='lat' dir='ltr'>aetas</span> <span class='ocrx_word' id='word_1_616' title='bbox 661 2001 766 2040; x_wconf 85' lang='lat' dir='ltr'>gravis</span> <span class='ocrx_word' id='word_1_617' title='bbox 788 2005 844 2032; x_wconf 89' lang='lat' dir='ltr'>est.</span> <span class='ocrx_word' id='word_1_618' title='bbox 2094 2018 2145 2042; x_wconf 31' lang='grc' dir='ltr'>μγ,</span> 
     </span>
     <span class='ocr_line' id='line_1_52' title="bbox 178 2040 2145 2085; baseline -0.001 -12"><span class='ocrx_word' id='word_1_619' title='bbox 178 2066 181 2069; x_wconf 89' lang='grc'>.</span> <span class='ocrx_word' id='word_1_620' title='bbox 312 2042 617 2074; x_wconf 87' lang='lat' dir='ltr'>Ornamentum.</span> <span class='ocrx_word' id='word_1_621' title='bbox 652 2042 690 2073; x_wconf 89' lang='lat' dir='ltr'>de</span> <span class='ocrx_word' id='word_1_622' title='bbox 713 2046 791 2073; x_wconf 86' lang='lat' dir='ltr'>orat.</span> <span class='ocrx_word' id='word_1_623' title='bbox 811 2042 852 2079; x_wconf 94' lang='lat' dir='ltr'>II,</span> <span class='ocrx_word' id='word_1_624' title='bbox 874 2042 930 2073; x_wconf 74' lang='lat'>85:</span> <span class='ocrx_word' id='word_1_625' title='bbox 975 2042 1108 2073; x_wconf 90' lang='lat' dir='ltr'>Tantum</span> <span class='ocrx_word' id='word_1_626' title='bbox 1133 2051 1190 2081; x_wconf 87' lang='lat' dir='ltr'>ego</span> <span class='ocrx_word' id='word_1_627' title='bbox 1212 2042 1243 2073; x_wconf 90' lang='lat' dir='ltr'>in</span> <span class='ocrx_word' id='word_1_628' title='bbox 1266 2041 1435 2073; x_wconf 88' lang='lat' dir='ltr'>excellente</span> <span class='ocrx_word' id='word_1_629' title='bbox 1457 2044 1582 2073; x_wconf 87' lang='lat' dir='ltr'>oratore</span> <span class='ocrx_word' id='word_1_630' title='bbox 1604 2045 1636 2073; x_wconf 91' lang='lat' dir='ltr'>et</span> <span class='ocrx_word' id='word_1_631' title='bbox 1657 2042 1764 2073; x_wconf 89' lang='lat' dir='ltr'>eodem</span> <span class='ocrx_word' id='word_1_632' title='bbox 1787 2041 1867 2073; x_wconf 90' lang='lat' dir='ltr'>bono</span> <span class='ocrx_word' id='word_1_633' title='bbox 1889 2042 1956 2085; x_wconf 77' lang='lat' dir='ltr'>viro</span> <span class='ocrx_word' id='word_1_634' title='bbox 2089 2040 2145 2072; x_wconf 51' lang='lat'>:¹:²¹</span> 
     </span>
     <span class='ocr_line' id='line_1_53' title="bbox 160 2083 865 2123; baseline -0.001 -8"><span class='ocrx_word' id='word_1_635' title='bbox 160 2093 243 2123; x_wconf 89' lang='lat' dir='ltr'>pono</span> <span class='ocrx_word' id='word_1_636' title='bbox 265 2092 335 2115; x_wconf 85' lang='lat' dir='ltr'>esse</span> <span class='ocrx_word' id='word_1_637' title='bbox 356 2084 532 2115; x_wconf 85' lang='lat' dir='ltr'>ornamenti</span> <span class='ocrx_word' id='word_1_638' title='bbox 554 2083 716 2115; x_wconf 88' lang='lat' dir='ltr'>universae</span> <span class='ocrx_word' id='word_1_639' title='bbox 739 2084 865 2114; x_wconf 88' lang='lat' dir='ltr'>civitati.</span> 
     </span>
    </p>

    <p class='ocr_par' dir='ltr' id='par_1_12' title="bbox 159 2124 1958 2288">
     <span class='ocr_line' id='line_1_54' title="bbox 311 2124 1954 2163; baseline -0.001 -7"><span class='ocrx_word' id='word_1_640' title='bbox 311 2125 559 2156; x_wconf 85' lang='lat' dir='ltr'>Delectatio.</span> <span class='ocrx_word' id='word_1_641' title='bbox 604 2124 689 2156; x_wconf 87' lang='lat' dir='ltr'>Fam.</span> <span class='ocrx_word' id='word_1_642' title='bbox 719 2124 796 2162; x_wconf 87' lang='lat' dir='ltr'>VII,</span> <span class='ocrx_word' id='word_1_643' title='bbox 828 2126 855 2162; x_wconf 85' lang='lat'>1,</span> <span class='ocrx_word' id='word_1_644' title='bbox 885 2125 921 2155; x_wconf 82' lang='lat'>3:</span> <span class='ocrx_word' id='word_1_645' title='bbox 973 2125 1059 2161; x_wconf 86' lang='lat' dir='ltr'>Quae</span> <span class='ocrx_word' id='word_1_646' title='bbox 1090 2127 1195 2163; x_wconf 87' lang='lat' dir='ltr'>potest</span> <span class='ocrx_word' id='word_1_647' title='bbox 1222 2124 1339 2154; x_wconf 89' lang='lat' dir='ltr'>homini</span> <span class='ocrx_word' id='word_1_648' title='bbox 1371 2132 1440 2155; x_wconf 90' lang='lat' dir='ltr'>esse</span> <span class='ocrx_word' id='word_1_649' title='bbox 1471 2124 1567 2162; x_wconf 87' lang='lat' dir='ltr'>polito</span> <span class='ocrx_word' id='word_1_650' title='bbox 1589 2124 1765 2162; x_wconf 83' lang='lat' dir='ltr'>delectatio,</span> <span class='ocrx_word' id='word_1_651' title='bbox 1799 2133 1867 2155; x_wconf 92' lang='lat' dir='ltr'>cum</span> <span class='ocrx_word' id='word_1_652' title='bbox 1898 2128 1954 2156; x_wconf 91' lang='lat' dir='ltr'>aut</span> 
     </span>
     <span class='ocr_line' id='line_1_55' title="bbox 159 2164 1956 2203; baseline 0 -6"><span class='ocrx_word' id='word_1_653' title='bbox 159 2166 252 2198; x_wconf 84' lang='lat' dir='ltr'>homo</span> <span class='ocrx_word' id='word_1_654' title='bbox 284 2166 456 2197; x_wconf 87' lang='lat' dir='ltr'>imbecillus</span> <span class='ocrx_word' id='word_1_655' title='bbox 488 2175 507 2197; x_wconf 90' lang='lat' dir='ltr'>a</span> <span class='ocrx_word' id='word_1_656' title='bbox 536 2165 750 2198; x_wconf 88' lang='lat' dir='ltr'>valentissima</span> <span class='ocrx_word' id='word_1_657' title='bbox 786 2166 885 2197; x_wconf 86' lang='lat' dir='ltr'>bestia</span> <span class='ocrx_word' id='word_1_658' title='bbox 914 2166 1050 2197; x_wconf 88' lang='lat' dir='ltr'>laniatur</span> <span class='ocrx_word' id='word_1_659' title='bbox 1078 2169 1132 2196; x_wconf 90' lang='lat' dir='ltr'>aut</span> <span class='ocrx_word' id='word_1_660' title='bbox 1168 2165 1330 2203; x_wconf 87' lang='lat' dir='ltr'>praeclara</span> <span class='ocrx_word' id='word_1_661' title='bbox 1358 2164 1458 2196; x_wconf 87' lang='lat' dir='ltr'>bestia</span> <span class='ocrx_word' id='word_1_662' title='bbox 1497 2164 1648 2196; x_wconf 90' lang='lat' dir='ltr'>venabulo</span> <span class='ocrx_word' id='word_1_663' title='bbox 1685 2165 1956 2197; x_wconf 86' lang='lat' dir='ltr'>transverberatur</span> 
     </span>
     <span class='ocr_line' id='line_1_56' title="bbox 159 2206 1952 2247; baseline -0.001 -8"><span class='ocrx_word' id='word_1_664' title='bbox 159 2206 213 2246; x_wconf 78' lang='lat' dir='ltr'>(cf.</span> <span class='ocrx_word' id='word_1_665' title='bbox 234 2207 294 2239; x_wconf 87' lang='lat' dir='ltr'>ib.:</span> <span class='ocrx_word' id='word_1_666' title='bbox 333 2206 379 2239; x_wconf 89' lang='lat' dir='ltr'>Ne</span> <span class='ocrx_word' id='word_1_667' title='bbox 401 2211 435 2238; x_wconf 89' lang='lat' dir='ltr'>tu</span> <span class='ocrx_word' id='word_1_668' title='bbox 460 2207 548 2238; x_wconf 86' lang='lat' dir='ltr'>haud</span> <span class='ocrx_word' id='word_1_669' title='bbox 577 2207 684 2246; x_wconf 89' lang='lat' dir='ltr'>paullo</span> <span class='ocrx_word' id='word_1_670' title='bbox 712 2207 783 2246; x_wconf 88' lang='lat' dir='ltr'>plus</span> <span class='ocrx_word' id='word_1_671' title='bbox 813 2216 904 2246; x_wconf 89' lang='lat' dir='ltr'>quam</span> <span class='ocrx_word' id='word_1_672' title='bbox 934 2208 1097 2247; x_wconf 88' lang='lat' dir='ltr'>quisquam</span> <span class='ocrx_word' id='word_1_673' title='bbox 1119 2208 1260 2237; x_wconf 88' lang='lat' dir='ltr'>nostrum</span> <span class='ocrx_word' id='word_1_674' title='bbox 1281 2206 1498 2238; x_wconf 90' lang='lat' dir='ltr'>delectationis</span> <span class='ocrx_word' id='word_1_675' title='bbox 1521 2206 1679 2244; x_wconf 87' lang='lat' dir='ltr'>habuisti).</span> <span class='ocrx_word' id='word_1_676' title='bbox 1724 2206 1891 2238; x_wconf 85' lang='lat' dir='ltr'>Dissimilis</span> <span class='ocrx_word' id='word_1_677' title='bbox 1913 2206 1952 2237; x_wconf 93' lang='lat' dir='ltr'>ob</span> 
     </span>
     <span class='ocr_line' id='line_1_57' title="bbox 159 2247 1958 2288; baseline -0.001 -8"><span class='ocrx_word' id='word_1_678' title='bbox 159 2248 402 2288; x_wconf 84' lang='lat' dir='ltr'>praedicativam</span> <span class='ocrx_word' id='word_1_679' title='bbox 431 2249 624 2288; x_wconf 88' lang='lat' dir='ltr'>pronominis</span> <span class='ocrx_word' id='word_1_680' title='bbox 654 2251 844 2288; x_wconf 87' lang='lat' dir='ltr'>potestatem</span> <span class='ocrx_word' id='word_1_681' title='bbox 876 2248 1017 2279; x_wconf 88' lang='lat' dir='ltr'>habenda</span> <span class='ocrx_word' id='word_1_682' title='bbox 1038 2250 1087 2279; x_wconf 89' lang='lat' dir='ltr'>est</span> <span class='ocrx_word' id='word_1_683' title='bbox 1115 2250 1228 2278; x_wconf 87' lang='lat' dir='ltr'>natura</span> <span class='ocrx_word' id='word_1_684' title='bbox 1260 2247 1391 2287; x_wconf 88' lang='lat' dir='ltr'>exempli</span> <span class='ocrx_word' id='word_1_685' title='bbox 1419 2247 1489 2278; x_wconf 88' lang='lat' dir='ltr'>Nat.</span> <span class='ocrx_word' id='word_1_686' title='bbox 1521 2247 1604 2279; x_wconf 89' lang='lat' dir='ltr'>deor.</span> <span class='ocrx_word' id='word_1_687' title='bbox 1628 2248 1651 2285; x_wconf 91' lang='lat' dir='ltr'>I,</span> <span class='ocrx_word' id='word_1_688' title='bbox 1683 2247 1740 2278; x_wconf 83' lang='lat'>22:</span> <span class='ocrx_word' id='word_1_689' title='bbox 1785 2248 1872 2286; x_wconf 86' lang='lat' dir='ltr'>Quae</span> <span class='ocrx_word' id='word_1_690' title='bbox 1893 2248 1958 2279; x_wconf 89' lang='lat' dir='ltr'>ista</span> 
     </span>
    </p>
   </div>
   <div class='ocr_carea' id='block_1_5' title="bbox 158 2289 1762 2371">
    <p class='ocr_par' dir='ltr' id='par_1_13' title="bbox 158 2289 1762 2371">
     <span class='ocr_line' id='line_1_58' title="bbox 158 2289 651 2330; baseline -0.002 -8"><span class='ocrx_word' id='word_1_691' title='bbox 158 2294 265 2330; x_wconf 84' lang='lat' dir='ltr'>potest</span> <span class='ocrx_word' id='word_1_692' title='bbox 286 2298 355 2322; x_wconf 88' lang='lat' dir='ltr'>esse</span> <span class='ocrx_word' id='word_1_693' title='bbox 376 2289 544 2322; x_wconf 88' lang='lat' dir='ltr'>oblectatio</span> <span class='ocrx_word' id='word_1_694' title='bbox 566 2290 651 2322; x_wconf 79' lang='lat' dir='ltr'>deo?</span> 
     </span>
     <span class='ocr_line' id='line_1_59' title="bbox 308 2330 1762 2371; baseline -0.001 -9"><span class='ocrx_word' id='word_1_695' title='bbox 308 2331 529 2371; x_wconf 87' lang='lat' dir='ltr'>Voluptas.</span> <span class='ocrx_word' id='word_1_696' title='bbox 574 2332 640 2362; x_wconf 89' lang='lat' dir='ltr'>Fin.</span> <span class='ocrx_word' id='word_1_697' title='bbox 665 2331 706 2369; x_wconf 83' lang='lat'>11,</span> <span class='ocrx_word' id='word_1_698' title='bbox 728 2332 763 2363; x_wconf 84' lang='lat'>9:</span> <span class='ocrx_word' id='word_1_699' title='bbox 808 2331 913 2369; x_wconf 84' lang='lat' dir='ltr'>Estne,</span> <span class='ocrx_word' id='word_1_700' title='bbox 935 2340 1061 2370; x_wconf 89' lang='lat' dir='ltr'>quaeso,</span> <span class='ocrx_word' id='word_1_701' title='bbox 1084 2331 1221 2370; x_wconf 84' lang='lat' dir='ltr'>inquam,</span> <span class='ocrx_word' id='word_1_702' title='bbox 1244 2330 1364 2361; x_wconf 86' lang='lat' dir='ltr'>sitienti</span> <span class='ocrx_word' id='word_1_703' title='bbox 1386 2330 1416 2360; x_wconf 90' lang='lat' dir='ltr'>in</span> <span class='ocrx_word' id='word_1_704' title='bbox 1440 2330 1571 2361; x_wconf 84' lang='lat' dir='ltr'>bibendo</span> <span class='ocrx_word' id='word_1_705' title='bbox 1594 2330 1762 2370; x_wconf 87' lang='lat' dir='ltr'>voluptas?</span> 
     </span>
    </p>
   </div>
  </div>
 </body>
</html>
