2161 2676
122 579 125 580 ’
152 577 156 580 “
181 573 340 606 suadendo
361 572 456 604 locus.
501 571 587 603 Balb.
611 572 670 604 35:
714 572 775 604 Sed
798 573 850 604 isti
873 573 1079 613 disputationi
1102 573 1151 604 hic
1174 576 1257 605 certe
1279 573 1356 604 nihil
1379 575 1427 604 est
1448 572 1516 604 loci.

630 0 671 37 εἰῇ

179 208 283 250 neque
303 200 429 233 omnino
450 200 482 238 in
504 199 676 240 voluptatis
696 190 792 240 regno
803 200 960 234 virtutem
987 209 1080 240 posse

179 243 247 276 vita
266 243 424 281 nimirum,
446 242 478 274 in
499 251 561 282 qua
582 241 670 274 nulla
689 240 769 274 fides
783 256 829 265 —·-
838 246 943 282 potest
964 252 1044 282 esse,
1065 242 1170 275 nullus
1190 242 1278 277 locus
1292 242 1458 290 amicitiae.
1817 281 1825 284 ,

180 283 312 316 fictis
334 287 374 315 et
395 283 661 315 adumbratis
681 284 742 314 loci
769 283 936 322 plurimum
958 288 1014 315 est.
1059 284 1144 315 Fam.
1167 283 1253 331 VIII,
1284 284 1404 321 16,1:·
1434 282 1504 316 Non'
1525 283 1720 317 matemala·
1741 281 1819 316 erit

180 322 343 362 cationi
363 324 458 357 locus.
502 325 568 355 Att
590 322 662 363 XII,
683 323 734 363 38,
757 324 792 356 2;
811 323 962 356 Ferrem
985 325 1132 365 graviter,
1154 324 1182 356 si
1203 333 1302 357 novae
1322 324 1532 365 aegrimoniae
1553 323 1642 358 locus
1659 327 1757 359 esset
1781 317 1883 358 Brut..

180 365 241 399 Est
261 367 344 399 enim
355 365 398 398 in
419 369 489 398 arte
509 369 600 398 tanta
621 348 748 406 tamqu'e
770 367 857 398 varia
879 367 972 399 etiam
996 366 1068 399 huic
1082 367 1220 399 minutae
1235 366 1402 399 subtilitati
1415 366 1511 398 locus.
1542 366 1628 400 Fam.
1643 366 1699 407 IV,
1720 367 1750 405 3,
1771 368 1810 399 4:
1837 364 1973 409 Tantam

150 418 152 421 ·
179 409 292 446 dicam,
313 408 440 447 quodte
462 415 554 446 spero
577 407 831 445 approbaturum,
853 418 912 445 me,
935 413 1137 447 posteaquam
1159 408 1204 439 illi
1226 409 1297 446 arti,
1319 408 1369 439 cui
1390 408 1582 445 studueram,
1603 408 1679 439 nihil
1692 416 1770 440 esse
1791 408 1865 440 loci.
1872 405 1973 448 neque

147 506 149 509 f
180 448 326 528 ³132ss?ss
343 456 455 529 323⁰}
465 446 585 528 ωέἕῖἓ
607 448 774 522 220‘353..
787 447 1973 531 ⁰123?ss03¹“issdfu‘ffi‘oritqussossffilmwssffughfl‘ssi‘c'ffiffffl‘ffifflbomt

179 531 312 570 artibus,
333 532 389 563 sed
410 532 535 562 omnino
556 531 696 563 libertati
719 541 755 563 ac
777 532 872 563 saluti
893 533 974 563 loci‘?
1018 501 1140 571 Fragxg.
1171 532 1218 571 Ep
1198 542 1225 571 p.
1258 532 1293 563 E.
1317 532 1405 569 VIII,
1428 532 1465 563 6:
1508 531 1575 562 Νοιι
1609 535 1657 562 est
1679 541 1803 571 semper
1824 532 1918 564 rectis
1939 532 1972 563 in

400 655 441 686 11.
485 655 645 686 Possessio
668 659 715 686 est
737 657 783 686 de
793 660 830 685 te
843 656 915 685 r1ni
928 665 946 685 ιι
956 660 1020 685 ata
1042 656 1197 694 (exempla
1218 665 1347 694 perrara
1369 657 1464 694 sunt).

329 711 536 743 Personae
557 714 701 751 (excepto
730 712 796 743 loco
817 713 856 743 de
878 717 956 743 orat.
980 713 1044 751 III,
1073 712 1151 743 227:
1187 713 1222 743 In
1244 713 1327 744 omui
1349 722 1433 751 voce,
1464 713 1565 752 inquit
1585 711 1726 750 Crassus,
1749 715 1798 743 est
1821 712 1969 752 quiddam

182 752 330 792 medium,
351 753 424 785 sed
447 761 555 784 suum
579 754 725 792 cuique
748 753 838 792 voci)
860 762 916 784 eae
939 758 1012 784 sunt
1034 754 1149 793 quibus
1167 754 1346 785 huiusmodi
1367 754 1523 793 possessio
1544 752 1685 793 obtingit.

328 795 363 833 a)
383 794 565 827 Possidetur
586 803 720 834 persona
737 794 901 834 (sanguine
923 803 992 826 cum
1015 805 1052 827 eo
1075 796 1127 834 qui
1149 796 1290 834 possidet
1311 796 1496 834 coniuncta).
1540 795 1625 827 Verr.
1644 798 1702 826 act.
1725 794 1748 832 I,
1771 794 1801 834 2,
1822 794 1858 826 b:
1902 794 1969 827 Cir-

182 839 341 869 cumstant
361 839 394 868 te
415 845 554 869 summae
576 836 790 874 auctoritates,
812 845 891 877 quae
913 839 946 867 te
973 837 1113 868 oblivisci
1136 837 1238 868 laudis
1259 838 1448 869 domesticae
1470 847 1530 868 non
1553 837 1673 873 sinant,
1704 844 1784 875 quae
1805 839 1838 867 te
1865 839 1972 868 noctes

178 878 310 918 diesque
331 881 547 909 commoneant
568 877 849 909 fortissimum
878 878 958 909 tibi
981 882 1157 917 patrem,
1186 878 1555 917 sapientissimum
1586 886 1722 915 avum,
1755 877 1971 917 gravissimum

177 928 319 952 socerum
349 919 455 951 fuisse.
499 919 582 950 Fam.
606 918 676 955 XlI,
713 920 759 956 13,
782 920 816 950 2;
861 919 940 950 Sunt
962 919 1027 957 tibi,
1053 919 1093 951 M.
1118 920 1210 958 Tulli,
1240 919 1329 951 liberi
1359 920 1584 960 propinquique
1616 919 1701 957 digni
1734 919 1857 958 quidem
1886 922 1918 950 te
1939 922 1972 951 et

181 962 293 993 merito
315 960 373 992 tibi
395 961 555 992 carissimi.

331 1018 365 1058 b)
389 1018 570 1050 Possidetur
592 1028 652 1050 res.

379 1061 413 1097 α)
435 1060 492 1091 Rei
514 1069 594 1099 quae
616 1061 795 1098 possidetur
817 1065 930 1091 natura
952 1066 1096 1092 concreta
1119 1066 1175 1092 est.
1208 1062 1405 1092 Denotantur

330 1101 386 1139 αα)
407 1101 470 1132 Res
493 1106 656 1132 externae:
679 1101 790 1132 Parad.
806 1101 860 1140 VI,
882 1102 923 1132 42
946 1102 997 1140 (cf.
1014 1103 1071 1140 s.):
1102 1104 1199 1139 Quem
1214 1103 1296 1134 enim
1311 1101 1522 1141 intellegimus
1543 1101 1670 1133 divitem
1694 1105 1749 1132 aut
1769 1100 1827 1132 hoc
1843 1099 1970 1132 verbum
2098 1106 2130 1133 ἱ(

178 1143 209 1174 in
232 1152 293 1183 quo
315 1142 438 1175 homine
460 1143 624 1182 ponimus?
668 1143 787 1183 Opinor
808 1144 839 1174 in
862 1153 908 1182 eo,
931 1144 1002 1183 quoi
1022 1148 1111 1176 tanta
1133 1144 1289 1183 possessio
1310 1144 1361 1181 sit,
1384 1147 1420 1175 ut
1440 1144 1480 1174 ad
1502 1143 1672 1175 liberaliter
1693 1143 1857 1174 vivendum
1879 1142 1970 1174 facile
2082 1153 2122 1181 :r'

178 1188 342 1215 contentus
364 1185 416 1222 sit,
438 1185 492 1223 qui
514 1184 590 1215 nihil
613 1189 751 1224 quaerat,
774 1185 850 1215 nihil
872 1189 1012 1223 appetat,
1034 1186 1110 1216 nihil
1133 1188 1221 1224 optet
1243 1185 1383 1224 amplius.
1419 1185 1503 1215 Fam.
1527 1184 1581 1222 IX,
1605 1185 1653 1222 13,
1667 1186 1703 1215 4:
1726 1184 1788 1215 Res
1809 1183 1972 1216 familiaris
2020 1215 2022 1217 .

177 1225 271 1256 alteri
293 1233 400 1256 eorum
423 1225 513 1256 valde
535 1226 647 1264 exigua
670 1229 729 1264 est,
751 1226 842 1257 alteri
865 1226 915 1256 vix
937 1227 1099 1265 equestris.
1136 1226 1209 1266 Leg.
1233 1226 1273 1264 ΙΙ,
1295 1227 1330 1258 5:
1367 1225 1433 1265 Ego
1456 1225 1629 1257 mehercule
1651 1229 1683 1256 et
1708 1224 1754 1256 illi
1776 1228 1809 1256 et
1830 1224 1972 1256 omnibus

177 1266 384 1306 municipibus
413 1267 492 1299 duas
519 1276 589 1299 esse
615 1275 727 1300 censeo
756 1268 886 1306 patrias,
915 1277 1008 1299 unam
1040 1272 1185 1306 naturae,
1213 1267 1344 1300 alteram
1375 1267 1519 1299 civitatis.
1564 1266 1625 1299 Pis.
1659 1267 1715 1298 38:
1758 1266 1971 1299 Macedoniam

179 1325 219 1330 —
241 1312 350 1340 tantae
372 1308 573 1339 barbarorum
595 1313 705 1347 gentes
727 1309 895 1348 attingunt,
917 1313 953 1340 ut
968 1318 1090 1348 semper
1105 1310 1314 1341 Macedonicis
1335 1308 1576 1347 imperatoribus
1591 1309 1672 1339 idem
1694 1307 1771 1340 fines
1792 1308 1970 1355 provinciae

178 1348 297 1380 fuerint
317 1349 370 1388 qui
391 1349 565 1387 gladiorum
588 1365 628 1370 —
643 1353 737 1388 atque
761 1349 902 1388 pilorum.
944 1350 1024 1380 Mur.
1040 1349 1097 1381 51:
1127 1350 1204 1381 Tum
1229 1351 1309 1381 enim
1332 1349 1410 1380 dixit
1433 1349 1494 1380 duo
1516 1357 1647 1388 corpora
1669 1357 1737 1380 esse
1759 1349 1804 1380 rei
1817 1347 1970 1388 publicae,

179 1399 275 1423 unum
296 1389 399 1422 debile
420 1388 542 1422 infirmo
564 1391 675 1430 capite,
698 1390 830 1423 alterum
853 1390 973 1423 firmum
997 1391 1064 1423 sine
1087 1392 1196 1431 capite.
1227 1392 1326 1423 Divin.
1349 1391 1391 1430 11,
1412 1390 1468 1423 38:
1498 1390 1581 1439 Quid
1608 1394 1657 1423 est
1687 1394 1751 1423 tam
1773 1390 1970 1431 perspicuum

178 1441 282 1472 quam,
304 1441 373 1463 cum
396 1432 528 1463 fortuito
550 1433 672 1463 hostiae
696 1434 900 1471 adducantur,
923 1431 998 1463 talia
1021 1434 1131 1472 cuique
1153 1437 1224 1464 exta
1247 1442 1326 1470 esse,
1348 1433 1449 1472 qualis
1470 1433 1580 1471 cuique
1603 1432 1751 1471 obtigerit
1772 1432 1899 1463 hostia?

326 1489 382 1527 ββ)
405 1489 468 1521 Res
491 1490 687 1528 corporales:
738 1490 888 1530 Exempla
908 1490 999 1530 plane
1022 1491 1144 1522 desunt.

420 1541 457 1578 β)
478 1540 534 1571 Rei
557 1549 636 1580 quae
657 1541 838 1579 possidetur
859 1544 972 1572 natura
993 1540 1152 1572 abstracta
1173 1545 1230 1572 est.

326 1581 383 1618 αα)
397 1581 459 1611 Res
474 1581 506 1611 in
522 1582 591 1619 ipsa
605 1581 795 1620 possessoris
811 1585 923 1612 natura
937 1582 1059 1620 positae
1074 1586 1163 1613 sunt:
1192 1582 1239 1612 De
1254 1584 1317 1619 opt.
1335 1589 1402 1619 gen.
1418 1585 1495 1611 orat.
1515 1582 1529 1611 1
1542 1591 1549 1610 :
1576 1582 1685 1619 Itaque
1700 1584 1732 1611 et
1755 1581 1785 1610 in
1809 1580 1972 1619 tragoedia

179 1621 327 1653 comicum
342 1621 488 1653 vitiosum
504 1625 553 1653 est
568 1624 601 1653 et
622 1622 653 1653 in
669 1621 932 1662 comoediaturpe
948 1623 1119 1662 tragicum;
1141 1622 1219 1653 etin
1242 1622 1428 1653 caeteris
1450 1630 1548 1652 suus
1570 1624 1634 1652 est
1655 1621 1805 1661 cuique
1828 1623 1971 1652 certus

178 1671 298 1695 sonus
327 1666 360 1694 et
388 1663 539 1703 quaedam
569 1663 813 1703 intelligentibus
841 1667 915 1695 nota
946 1674 1014 1695 vox.
1054 1665 1094 1696 de
1123 1667 1201 1695 orat.
1225 1663 1282 1702 III,
1312 1662 1372 1694 227
1383 1673 1390 1694 :
1427 1664 1462 1694 In
1492 1663 1574 1695 omni
1596 1672 1670 1695 voce
1691 1680 1731 1686 ——
1754 1666 1801 1695 est
1823 1663 1971 1703 quiddam

179 1704 325 1752 medium,
346 1705 403 1736 sed
424 1713 539 1735 suum
562 1706 713 1752 cuique
736 1705 836 1735 voci.
881 1706 966 1736 Fam.
988 1705 1042 1743 IV,
1063 1705 1093 1743 5,
1117 1706 1150 1736 6:
1186 1706 1277 1742 Quod
1299 1705 1326 1736 si
1348 1705 1400 1744 qui
1423 1705 1517 1736 etiam
1538 1704 1647 1736 inferis
1669 1713 1816 1736 sensus
1838 1707 1896 1742 est,
1918 1704 1971 1744 qui

181 1744 266 1776 illius
288 1745 319 1776 in
342 1748 375 1777 te
395 1754 484 1776 amor
505 1745 565 1777 fuit
585 1746 763 1794 pietasque
779 1747 809 1776 in
841 1755 948 1777 omnes
977 1756 1065 1784 suos,
1096 1746 1153 1777 hoc
1183 1749 1266 1777 certe
1294 1745 1347 1776 illa
1377 1749 1409 1777 te
1430 1745 1533 1777 facere
1562 1754 1623 1777 non
1647 1746 1721 1777 vult.
1743 1745 1783 1776 ib.
1806 1745 1860 1784 VI,
1884 1746 1913 1783 1,
1918 1713 1971 1776 qzl

178 1786 258 1826 Etsi,
280 1795 424 1859 quocumb
434 1796 473 1818 ue
495 1787 526 1818 in
548 1786 618 1818 loco
639 1788 770 1827 quisque
792 1791 850 1825 est,
872 1788 972 1819 idem
996 1792 1058 1819 est
1087 1789 1120 1819 ei
1151 1796 1302 1819 sensus
1325 1791 1366 1819 et
1387 1788 1523 1819 eadem
1553 1787 1762 1819 acerbitas
1783 1796 1821 1819 ex
1842 1787 1971 1819 interitu

179 1837 283 1861 rerum
306 1831 339 1860 et
360 1828 424 1867 pub
436 1829 554 1860 icarum
577 1833 609 1860 et
631 1838 766 1867 suarum,
789 1832 891 1860 tamen
915 1830 994 1861 oculi
1017 1833 1132 1868 augent
1153 1829 1301 1868 dolorem,
1323 1829 1376 1868 qui
1399 1838 1445 1866 ea,
1475 1837 1553 1868 quae
1575 1830 1670 1860 ceteri
1693 1829 1832 1865 audiunt,
1854 1828 1971 1860 intueri

179 1872 342 1909 coguntur
381 1869 527 1907 Fin.1V,
558 1870 614 1901 65:
659 1870 792 1901 Hebes
823 1871 937 1901 acies
966 1875 1030 1901 est
1060 1871 1240 1910 cuipiam
1276 1870 1508 1908 oculorum,
1540 1879 1667 1909 corpore
1689 1870 1769 1901 alius
1790 1869 1970 1909 languescit.

181 1910 321 1949 Tusc.1‚
344 1911 397 1948 70:
437 1912 552 1948 Quae
574 1915 638 1942 est
669 1911 705 1942 ei
728 1912 784 1948 (sc.
807 1912 924 1948 animo)
947 1915 1122 1943 natura?
1153 1912 1220 1943 Div.
1251 1911 1291 1950 ΙΙ,
1321 1911 1377 1942 22;
1422 1911 1534 1948 Quae
1562 1912 1667 1942 enim
1698 1911 1786 1942 vita
1819 1910 1969 1942 fuisset

178 1952 359 1991 Priamo,
381 1952 407 1983 si
429 1952 469 1983 ab
491 1952 704 1984 adulescentia
726 1953 851 1992 scisset,
881 1962 958 1992 quos
992 1957 1119 1985 eventus
1150 1953 1318 1984 senectutis
1349 1956 1434 1984 esset
1463 1952 1649 1984 habiturus?
1691 1953 1756 1984 Att.
1780 1952 1837 1991 111,
1861 1952 1909 1991 15,
1931 1952 1969 1983 6:

181 1993 267 2025 Haec
288 1994 349 2024 nisi
371 1994 459 2024 vides
481 1994 637 2032 expediri,
671 2003 762 2033 quam
793 1995 824 2025 in
854 2003 939 2033 spem
971 2004 1019 2025 me
1041 1995 1157 2025 vocas?
1185 1995 1233 2025 sin
1263 1997 1367 2025 autem
1399 1994 1466 2032 spei
1487 1993 1564 2025 nihil
1586 1997 1644 2032 est,
1666 2002 1767 2033 quae
1789 1996 1853 2024 est
1873 1992 1970 2024 mihi

177 2035 288 2066 vita?
315 2034 546 2071 (Praedicative
560 2035 677 2066 dictum
692 2038 742 2066 est
756 2035 833 2066 Phil.
850 2035 888 2073 X,
909 2035 965 2066 2Ο;
995 2035 1065 2067 Νοιι
1081 2036 1161 2067 enim
1184 2036 1215 2066 in
1231 2035 1345 2075 spiritu
1368 2035 1433 2066 vita
1455 2038 1512 2074 est,
1534 2035 1589 2067 sed
1612 2043 1650 2067 ea
1671 2034 1756 2066 nulla
1777 2038 1826 2067 est
1847 2034 1970 2066 omnino

178 2076 349 2116 servienti.)
393 2076 515 2116 Fragm.
548 2076 622 2117 phil.
653 2077 687 2108 F.
717 2076 755 2115 V,
785 2077 835 2108 97:
864 2094 899 2099 -——
924 2076 1020 2109 Nobis
1045 2094 1084 2099 —
1105 2086 1216 2117 magna
1245 2085 1318 2117 spes
1348 2080 1396 2109 est
1417 2094 1456 2099 —
1489 2077 1656 2109 iucundum
1687 2076 1775 2109 nobis
1797 2075 1970 2117 perfunctis

179 2118 360 2150 muneribus
382 2118 527 2150 humanis
548 2127 692 2150 occasum
716 2128 814 2159 neque
836 2119 998 2151 molestam
1022 2120 1271 2151 exstinctionem·
1280 2122 1312 2151 et
1334 2119 1422 2159 quasi
1445 2119 1579 2159 quietem
1602 2118 1685 2151 vitae
1706 2118 1781 2151 fore
1816 2118 1917 2151 Deiot.
1935 2118 1970 2149 7:

177 2160 278 2192 Tuum
308 2164 368 2199 est,
398 2159 531 2198 Caesar,
561 2161 613 2200 qui
643 2170 699 2200 pro
721 2160 827 2192 multis
853 2171 958 2209 saepe
974 2161 1100 2199 dixisti,
1134 2162 1228 2201 quid
1260 2161 1354 2192 mihi
1375 2170 1478 2192 nunc
1509 2161 1632 2192 animi
1655 2161 1731 2199 sit,
1753 2161 1793 2192 ad
1815 2164 1847 2195 te
1869 2160 1971 2199 ipsum

178 2201 305 2234 referre.
350 2185 415 2233 Att.
438 2201 476 2241 X,
500 2202 548 2241 11,
569 2202 606 2233 4:
650 2202 752 2240 Quid
774 2202 872 2233 mihi
895 2203 1018 2234 animi
1046 2203 1076 2234 in
1100 2203 1273 2243 navigando
1296 2211 1441 2235 censes
1463 2201 1574 2234 fore?
1618 2202 1684 2234 Cat
1707 2185 1762 2241 ΙΙΙ,
1794 2202 1849 2234 16.
1881 2169 1971 2232 pErat

177 2244 214 2274 ei
236 2251 308 2274 con
320 2243 460 2275 silium
483 2243 524 2274 ad
541 2227 668 2275 'facinus
689 2248 843 2282 aptum,
866 2244 993 2276 consilio
1016 2248 1119 2276 autem
1142 2253 1241 2292 neque
1263 2252 1401 2280 manus
1430 2252 1529 2283 neque
1550 2243 1656 2282 lingua
1677 2244 1793 2275 deerat.
1818 2243 1907 2290 (Rep.
1930 2241 1972 2278 Π,

176 2284 235 2315 59;
279 2284 417 2322 „Fuerat
437 2284 572 2316 fortasse
593 2284 655 2323 aliq
655 2293 697 2315 ua
719 2285 800 2315 ratio
829 2285 996 2316 maioribus
1019 2286 1133 2316 nostris
1165 2286 1195 2316 in
1217 2285 1269 2316 illo
1291 2294 1363 2316 aere
1392 2285 1494 2315 alieno
1515 2285 1686 2316 medendi&
1731 2283 1834 2315 Verba
1855 2283 1970 2315 vitiose

176 2325 294 2365 scripta
316 2325 483 2362 feruntur.)
526 2325 627 2357 Flacc.
650 2325 707 2357 69:
753 2325 830 2356 Sua
860 2326 1006 2366 cuique
1037 2327 1218 2358 civitati
1250 2326 1421 2366 religio,
1450 2325 1546 2362 Laeli,
1576 2329 1634 2364 est,
1663 2328 1815 2360 nostra
1840 2323 1969 2356 nobis.

176 2367 274 2398 Aead.
306 2366 331 2405 I,
367 2367 422 2398 18:
465 2366 571 2398 Idem
601 2367 616 2398 f
623 2376 697 2398 ons
734 2370 824 2399 erat
862 2368 1001 2407 utrisque
1034 2372 1066 2399 et
1105 2368 1238 2399 eadem
1284 2377 1386 2399 rerum
1424 2367 1666 2405 expetendarum
1696 2366 1974 2405 fugiendarumque
